,amount,buy_or_sell,date,liquidity_curve_susd,liquidity_curvefi,liquidity_kyber,liquidity_oasis,liquidity_uniswap,liquidity_uniswap_v2,liquidity_zero_x,price,time
0,10000,buy,2020-08-11,,100.0,,,,,,1.016969010666553,19:33:02.094808
1,25000,buy,2020-08-11,,100.0,,,,,,1.0170418136915762,19:33:03.400591
2,50000,buy,2020-08-11,,100.0,,,,,,1.0171645380864665,19:33:04.813417
3,100000,buy,2020-08-11,19.0,81.0,,,,,,1.0173847025333327,19:33:06.221662
4,200000,buy,2020-08-11,39.0,61.0,,,,,,1.0176621756436108,19:33:07.513652
5,500000,buy,2020-08-11,51.0,48.0,,1.0,,,,1.01835021805673,19:33:08.275072
6,1000000,buy,2020-08-11,54.0,42.0,,1.0,,,3.0,1.0194992270922192,19:33:09.685649
7,1500000,buy,2020-08-11,56.0,41.0,,1.0,,,2.0,1.0207596144389537,19:33:10.460402
8,10000,sell,2020-08-11,97.0,,,,,3.0,,1.0167882115100368,19:33:11.846956
9,25000,sell,2020-08-11,99.0,,,,,1.0,,1.0167128355263246,19:33:12.521741
10,50000,sell,2020-08-11,99.0,,,,,1.0,,1.0166145332589835,19:33:13.851314
11,100000,sell,2020-08-11,99.0,1.0,,,,,,1.0164362457750789,19:33:15.576762
12,200000,sell,2020-08-11,79.0,21.0,,,,,,1.016168980924546,19:33:16.823361
13,500000,sell,2020-08-11,65.0,32.0,,,,,3.0,1.015563516333972,19:33:17.977992
14,1000000,sell,2020-08-11,60.0,36.0,,1.0,,,3.0,1.0146982048243893,19:33:19.192603
15,1500000,sell,2020-08-11,58.0,39.0,,1.0,,,2.0,1.013907293266904,19:33:19.844392
16,10000,buy,2020-08-11,,100.0,,,,,,1.0160499070896682,19:34:20.930952
17,25000,buy,2020-08-11,,100.0,,,,,,1.0161168302093477,19:34:21.644543
18,50000,buy,2020-08-11,,100.0,,,,,,1.01622960821847,19:34:22.391753
19,100000,buy,2020-08-11,,100.0,,,,,,1.0164599291473992,19:34:23.122913
20,200000,buy,2020-08-11,10.0,90.0,,,,,,1.0169247199432248,19:34:23.824005
21,500000,buy,2020-08-11,39.0,60.0,,1.0,,,,1.017795035582007,19:34:25.100695
22,1000000,buy,2020-08-11,48.0,49.0,,1.0,,,2.0,1.0189840173098594,19:34:25.858604
23,1500000,buy,2020-08-11,52.0,45.0,,1.0,,,2.0,1.020225869060613,19:34:27.319785
24,10000,sell,2020-08-11,88.0,,,,,2.0,10.0,1.0167689810746492,19:34:28.015901
25,25000,sell,2020-08-11,95.0,,,,,1.0,4.0,1.016708624965843,19:34:29.356034
26,50000,sell,2020-08-11,98.0,,,,,,2.0,1.0166149149326666,19:34:30.100114
27,100000,sell,2020-08-11,99.0,,,,,,1.0,1.0164426611468038,19:34:31.316104
28,200000,sell,2020-08-11,99.0,,,,,,1.0,1.0161045505522754,19:34:32.955468
29,500000,sell,2020-08-11,76.0,20.0,,,,,4.0,1.0153349439526669,19:34:34.106754
30,1000000,sell,2020-08-11,65.0,30.0,,1.0,,,4.0,1.01443687104748,19:34:35.428468
31,1500000,sell,2020-08-11,62.0,34.0,,1.0,,,3.0,1.0136444336422081,19:34:36.068525
32,10000,buy,2020-08-11,,100.0,,,,,,1.0160499057953933,19:35:36.954285
33,25000,buy,2020-08-11,,100.0,,,,,,1.0161168289057405,19:35:37.825129
34,50000,buy,2020-08-11,,100.0,,,,,,1.0162296070284182,19:35:39.114960
35,100000,buy,2020-08-11,,100.0,,,,,,1.0164599279279973,19:35:39.900305
36,200000,buy,2020-08-11,10.0,90.0,,,,,,1.016924718801069,19:35:41.706211
37,500000,buy,2020-08-11,39.0,60.0,,1.0,,,,1.017795034771853,19:35:42.361263
38,1000000,buy,2020-08-11,48.0,49.0,,1.0,,,2.0,1.0189840165767776,19:35:43.678209
39,1500000,buy,2020-08-11,52.0,45.0,,1.0,,,2.0,1.0202258683119918,19:35:45.141294
40,10000,sell,2020-08-11,88.0,,,,,2.0,10.0,1.0167689810746492,19:35:46.491786
41,25000,sell,2020-08-11,95.0,,,,,1.0,4.0,1.016708624965843,19:35:47.770593
42,50000,sell,2020-08-11,98.0,,,,,,2.0,1.0166149149326666,19:35:48.447252
43,100000,sell,2020-08-11,99.0,,,,,,1.0,1.0164426611468038,19:35:49.122352
44,200000,sell,2020-08-11,99.0,,,,,,1.0,1.0161045505522754,19:35:50.458080
45,500000,sell,2020-08-11,76.0,20.0,,,,,4.0,1.0153349436255572,19:35:51.602397
46,1000000,sell,2020-08-11,65.0,31.0,,1.0,,,3.0,1.0144289954569163,19:35:52.898453
47,1500000,sell,2020-08-11,62.0,35.0,,1.0,,,2.0,1.013635718095421,19:35:53.607539
48,10000,buy,2020-08-11,,100.0,,,,,,1.0160499043234732,19:36:54.372293
49,25000,buy,2020-08-11,,100.0,,,,,,1.0161168274232069,19:36:55.105339
50,50000,buy,2020-08-11,,100.0,,,,,,1.0162296055279179,19:36:55.774132
51,100000,buy,2020-08-11,,100.0,,,,,,1.0164599263904905,19:36:57.134555
52,200000,buy,2020-08-11,10.0,90.0,,,,,,1.0169247173609595,19:36:58.477809
53,500000,buy,2020-08-11,39.0,60.0,,1.0,,,,1.017795033750355,19:36:59.728156
54,1000000,buy,2020-08-11,48.0,49.0,,1.0,,,2.0,1.0189833229858878,19:37:01.038555
55,1500000,buy,2020-08-11,52.0,45.0,,1.0,,,2.0,1.0202254046947736,19:37:03.477404
56,10000,sell,2020-08-11,88.0,,,,,2.0,10.0,1.0167689810746492,19:37:04.341453
57,25000,sell,2020-08-11,95.0,,,,,1.0,4.0,1.016708624965843,19:37:05.637739
58,50000,sell,2020-08-11,98.0,,,,,,2.0,1.0166149149326666,19:37:06.436680
59,100000,sell,2020-08-11,99.0,,,,,,1.0,1.0164426611468038,19:37:07.289619
60,200000,sell,2020-08-11,99.0,,,,,,1.0,1.0161045505522754,19:37:08.582680
61,500000,sell,2020-08-11,76.0,20.0,,,,,4.0,1.0153349434523813,19:37:09.402755
62,1000000,sell,2020-08-11,65.0,30.0,,1.0,,,4.0,1.0144360905505856,19:37:10.832071
63,1500000,sell,2020-08-11,62.0,34.0,,1.0,,,3.0,1.0136541041709792,19:37:11.837238
64,10000,buy,2020-08-11,,100.0,,,,,,1.0159369161751575,19:38:12.691072
65,25000,buy,2020-08-11,,100.0,,,,,,1.01600340185844,19:38:13.450421
66,50000,buy,2020-08-11,,100.0,,,,,,1.0161154429597634,19:38:14.688360
67,100000,buy,2020-08-11,,100.0,,,,,,1.0163442591972367,19:38:15.505382
68,200000,buy,2020-08-11,6.0,94.0,,,,,,1.0168155797163025,19:38:16.177160
69,500000,buy,2020-08-11,38.0,62.0,,,,,,1.0177209896404653,19:38:17.442275
70,1000000,buy,2020-08-11,48.0,49.0,,1.0,,,2.0,1.0189208652960446,19:38:18.215307
71,1500000,buy,2020-08-11,52.0,45.0,,1.0,,,2.0,1.0201654924412036,19:38:19.488306
72,10000,sell,2020-08-11,88.0,,,,,2.0,10.0,1.0167689571675171,19:38:20.153229
73,25000,sell,2020-08-11,95.0,,,,,1.0,4.0,1.0167085556286226,19:38:20.917718
74,50000,sell,2020-08-11,98.0,,,,,,2.0,1.0166147684905336,19:38:22.211092
75,100000,sell,2020-08-11,99.0,,,,,,1.0,1.0164423667314628,19:38:23.472230
76,200000,sell,2020-08-11,99.0,,,,,,1.0,1.0161039787972703,19:38:24.233300
77,500000,sell,2020-08-11,77.0,19.0,,,,,4.0,1.015312128340048,19:38:25.492329
78,1000000,sell,2020-08-11,66.0,29.0,,1.0,,,4.0,1.0144036654668358,19:38:26.190245
79,1500000,sell,2020-08-11,62.0,34.0,,1.0,,,3.0,1.0136188545130447,19:38:27.559230
80,10000,buy,2020-08-11,,100.0,,,,,,1.0158957096934031,19:39:28.506233
81,25000,buy,2020-08-11,,100.0,,,,,,1.0159620365283468,19:39:29.214254
82,50000,buy,2020-08-11,,100.0,,,,,,1.0160738099818722,19:39:29.954159
83,100000,buy,2020-08-11,,100.0,,,,,,1.0163020797889026,19:39:31.265232
84,200000,buy,2020-08-11,4.0,96.0,,,,,,1.0167753454535051,19:39:31.971762
85,500000,buy,2020-08-11,38.0,62.0,,,,,,1.0176989636087264,19:39:33.410294
86,1000000,buy,2020-08-11,47.0,50.0,,1.0,,,2.0,1.0189048404790204,19:39:35.258125
87,1500000,buy,2020-08-11,51.0,46.0,,1.0,,,2.0,1.020151136449324,19:39:35.933848
88,10000,sell,2020-08-11,88.0,,,,,2.0,10.0,1.0167817839180844,19:39:37.226500
89,25000,sell,2020-08-11,95.0,,,,,1.0,4.0,1.0167223765321707,19:39:38.502292
90,50000,sell,2020-08-11,98.0,,,,,,2.0,1.0166289806341762,19:39:39.258025
91,100000,sell,2020-08-11,99.0,,,,,,1.0,1.0164566348022137,19:39:40.606517
92,200000,sell,2020-08-11,99.0,,,,,,1.0,1.0161180755913146,19:39:41.988217
93,500000,sell,2020-08-11,78.0,18.0,,,,,4.0,1.015315577771544,19:39:43.143084
94,1000000,sell,2020-08-11,66.0,29.0,,1.0,,,4.0,1.0144015158282336,19:39:43.896420
95,1500000,sell,2020-08-11,62.0,34.0,,1.0,,,3.0,1.0136146799204366,19:39:44.620317
96,10000,buy,2020-08-11,,100.0,,,,,,1.015895708236275,19:40:45.375835
97,25000,buy,2020-08-11,,100.0,,,,,,1.015962033415933,19:40:46.758290
98,50000,buy,2020-08-11,,100.0,,,,,,1.016073806754801,19:40:48.059983
99,100000,buy,2020-08-11,,100.0,,,,,,1.0163020764821866,19:40:49.281920
100,200000,buy,2020-08-11,4.0,96.0,,,,,,1.0167755124397944,19:40:50.006664
101,500000,buy,2020-08-11,38.0,62.0,,,,,,1.0177006401518869,19:40:50.750707
102,1000000,buy,2020-08-11,48.0,50.0,,1.0,,,1.0,1.0189139794713682,19:40:51.503816
103,1500000,buy,2020-08-11,52.0,46.0,,1.0,,,1.0,1.0201798153202055,19:40:53.083490
104,10000,sell,2020-08-11,88.0,,,,,2.0,10.0,1.0167855214247778,19:40:53.859735
105,25000,sell,2020-08-11,95.0,,,,,1.0,4.0,1.0167263989989415,19:40:55.218651
106,50000,sell,2020-08-11,98.0,,,,,,2.0,1.016633108753923,19:40:56.444761
107,100000,sell,2020-08-11,99.0,,,,,,1.0,1.01646076277352,19:40:57.836790
108,200000,sell,2020-08-11,99.0,,,,,,1.0,1.0161221216958605,19:40:59.009552
109,500000,sell,2020-08-11,78.0,18.0,,,,,4.0,1.0153186451444092,19:40:59.710432
110,1000000,sell,2020-08-11,66.0,29.0,,1.0,,,4.0,1.0144039771797968,19:41:00.498194
111,1500000,sell,2020-08-11,62.0,34.0,,1.0,,,3.0,1.0136168750501144,19:41:01.904456
112,10000,buy,2020-08-11,,100.0,,,,,,1.0158528342338435,19:42:03.325274
113,25000,buy,2020-08-11,,100.0,,,,,,1.015918885862057,19:42:04.177476
114,50000,buy,2020-08-11,,100.0,,,,,,1.0160301938310923,19:42:04.910086
115,100000,buy,2020-08-11,,100.0,,,,,,1.0162575063505117,19:42:05.821630
116,200000,buy,2020-08-11,3.0,97.0,,,,,,1.0167306498770161,19:42:07.149024
117,500000,buy,2020-08-11,37.0,63.0,,,,,,1.0176697548626998,19:42:08.448833
118,1000000,buy,2020-08-11,45.0,49.0,,1.0,,,5.0,1.0188441733418487,19:42:09.806502
119,1500000,buy,2020-08-11,51.0,45.0,,1.0,,,3.0,1.0200741644694995,19:42:11.171840
120,10000,sell,2020-08-11,90.0,,,,,,10.0,1.0167683990741148,19:42:12.439612
121,25000,sell,2020-08-11,96.0,,,,,,4.0,1.0167193345535108,19:42:13.243625
122,50000,sell,2020-08-11,98.0,,,,,,2.0,1.016633108753923,19:42:14.515460
123,100000,sell,2020-08-11,99.0,,,,,,1.0,1.01646076277352,19:42:15.303997
124,200000,sell,2020-08-11,99.0,,,,,,1.0,1.0161221216958605,19:42:16.071721
125,500000,sell,2020-08-11,79.0,17.0,,,,,4.0,1.0153113156301843,19:42:17.463773
126,1000000,sell,2020-08-11,67.0,28.0,,1.0,,,4.0,1.0143777788602961,19:42:18.153539
127,1500000,sell,2020-08-11,63.0,33.0,,1.0,,,3.0,1.0135883911928127,19:42:19.570498
128,10000,buy,2020-08-11,,100.0,,,,,,1.015834508529751,19:43:20.331141
129,25000,buy,2020-08-11,,100.0,,,,,,1.015900563905921,19:43:21.698161
130,50000,buy,2020-08-11,,100.0,,,,,,1.0160118803683222,19:43:22.961384
131,100000,buy,2020-08-11,,100.0,,,,,,1.0162392165819,19:43:24.920211
132,200000,buy,2020-08-11,3.0,97.0,,,,,,1.016712118459265,19:43:26.305269
133,500000,buy,2020-08-11,37.0,63.0,,,,,,1.0176472694093013,19:43:27.483223
134,1000000,buy,2020-08-11,45.0,49.0,,1.0,,,5.0,1.0188236365787489,19:43:28.736117
135,1500000,buy,2020-08-11,51.0,45.0,,1.0,,,3.0,1.02004739081444,19:43:29.959115
136,10000,sell,2020-08-11,90.0,,,,,,10.0,1.0167427247331822,19:43:30.704195
137,25000,sell,2020-08-11,96.0,,,,,,4.0,1.0166920555999557,19:43:32.107048
138,50000,sell,2020-08-11,98.0,,,,,,2.0,1.0166054418453396,19:43:33.393999
139,100000,sell,2020-08-11,99.0,,,,,,1.0,1.0164331715896193,19:43:34.168217
140,200000,sell,2020-08-11,99.0,,,,,,1.0,1.0160952153291327,19:43:34.901084
141,500000,sell,2020-08-11,79.0,17.0,,,,,4.0,1.0152877480924614,19:43:35.650335
142,1000000,sell,2020-08-11,66.0,29.0,,1.0,,,4.0,1.0143716662859383,19:43:36.477070
143,1500000,sell,2020-08-11,62.0,34.0,,1.0,,,3.0,1.0135847184565658,19:43:37.249270
144,10000,buy,2020-08-11,,100.0,,,,,,1.0161909681649615,19:44:37.961392
145,25000,buy,2020-08-11,,100.0,,,,,,1.0162592852386563,19:44:39.318258
146,50000,buy,2020-08-11,,100.0,,,,,,1.0163744265250385,19:44:40.664719
147,100000,buy,2020-08-11,,100.0,,,,,,1.016609628424189,19:44:41.493956
148,200000,buy,2020-08-11,15.0,85.0,,,,,,1.0170621984040749,19:44:42.869582
149,500000,buy,2020-08-11,41.0,58.0,,1.0,,,,1.0178928747682399,19:44:43.630145
150,1000000,buy,2020-08-11,48.0,46.0,,1.0,,,5.0,1.0190305848346302,19:44:44.857179
151,1500000,buy,2020-08-11,52.0,44.0,,1.0,,,3.0,1.0202657529831438,19:44:46.128177
152,10000,sell,2020-08-11,90.0,,,,,,10.0,1.0167457517971197,19:44:47.522697
153,25000,sell,2020-08-11,96.0,,,,,,4.0,1.016695274563399,19:44:48.655109
154,50000,sell,2020-08-11,98.0,,,,,,2.0,1.0166087111202868,19:44:49.453275
155,100000,sell,2020-08-11,99.0,,,,,,1.0,1.0164364407613322,19:44:50.403475
156,200000,sell,2020-08-11,99.0,,,,,,1.0,1.0160984196923455,19:44:51.080473
157,500000,sell,2020-08-11,74.0,22.0,,,,,4.0,1.0153574493757846,19:44:52.370533
158,1000000,sell,2020-08-11,65.0,31.0,,1.0,,,3.0,1.0144558543158575,19:44:53.599291
159,1500000,sell,2020-08-11,62.0,35.0,,1.0,,,2.0,1.0136640886768709,19:44:54.343316
160,10000,buy,2020-08-11,,100.0,,,,,,1.0161909661609896,19:45:55.826809
161,25000,buy,2020-08-11,,100.0,,,,,,1.0162592832200992,19:45:56.540909
162,50000,buy,2020-08-11,,100.0,,,,,,1.0163744244817885,19:45:57.176448
163,100000,buy,2020-08-11,,100.0,,,,,,1.0166096263300628,19:45:58.560151
164,200000,buy,2020-08-11,13.0,87.0,,,,,,1.0170699410683646,19:45:59.823431
165,500000,buy,2020-08-11,41.0,58.0,,1.0,,,,1.0179165357358932,19:46:01.048387
166,1000000,buy,2020-08-11,47.0,47.0,,1.0,,,5.0,1.0190632400548993,19:46:01.937087
167,1500000,buy,2020-08-11,52.0,44.0,,1.0,,,3.0,1.0203013696124452,19:46:03.455403
168,10000,sell,2020-08-11,100.0,,,,,,,1.0167970586020971,19:46:04.660922
169,25000,sell,2020-08-11,96.0,,,,,,4.0,1.0167475446671292,19:46:06.229979
170,50000,sell,2020-08-11,98.0,,,,,,2.0,1.0166617306453976,19:46:07.027767
171,100000,sell,2020-08-11,99.0,,,,,,1.0,1.016489326972113,19:46:07.885402
172,200000,sell,2020-08-11,99.0,,,,,,1.0,1.01615001504205,19:46:08.774471
173,500000,sell,2020-08-11,75.0,21.0,,,,,4.0,1.0153945141105374,19:46:10.041638
174,1000000,sell,2020-08-11,64.0,31.0,,1.0,,,4.0,1.0144839322093375,19:46:11.405618
175,1500000,sell,2020-08-11,61.0,35.0,,1.0,,,3.0,1.0136991982830812,19:46:12.675778
176,10000,buy,2020-08-11,,100.0,,,,,,1.016345008831983,19:47:13.565656
177,25000,buy,2020-08-11,,100.0,,,,,,1.0164143043042757,19:47:14.866307
178,50000,buy,2020-08-11,,100.0,,,,,,1.0165311005519948,19:47:15.647136
179,100000,buy,2020-08-11,,100.0,,,,,,1.016769706340684,19:47:16.950710
180,200000,buy,2020-08-11,18.0,82.0,,,,,,1.0172089219060398,19:47:17.966298
181,500000,buy,2020-08-11,43.0,56.0,,1.0,,,,1.0180162329829863,19:47:19.413038
182,1000000,buy,2020-08-11,49.0,46.0,,1.0,,,4.0,1.0191580055386646,19:47:20.092180
183,1500000,buy,2020-08-11,53.0,43.0,,1.0,,,3.0,1.0203917269634741,19:47:20.817235
184,10000,sell,2020-08-11,100.0,,,,,,,1.0167970586020971,19:47:22.045088
185,25000,sell,2020-08-11,100.0,,,,,,,1.0167441698145225,19:47:22.982145
186,50000,sell,2020-08-11,100.0,,,,,,,1.0166565579449005,19:47:23.678051
187,100000,sell,2020-08-11,100.0,,,,,,,1.0164833141812932,19:47:25.707148
188,200000,sell,2020-08-11,100.0,,,,,,,1.016144516965832,19:47:27.097074
189,500000,sell,2020-08-11,75.0,25.0,,,,,,1.015412729005589,19:47:28.381002
190,1000000,sell,2020-08-11,65.0,32.0,,1.0,,,2.0,1.0144867491071181,19:47:29.080320
191,1500000,sell,2020-08-11,62.0,36.0,,1.0,,,1.0,1.013693212336541,19:47:30.380854
192,10000,buy,2020-08-11,,100.0,,,,,,1.0163388023991895,19:48:31.264944
193,25000,buy,2020-08-11,,100.0,,,,,,1.0164080581044914,19:48:32.052238
194,50000,buy,2020-08-11,,100.0,,,,,,1.0165247870818948,19:48:33.386358
195,100000,buy,2020-08-11,,100.0,,,,,,1.0167632541615412,19:48:34.140116
196,200000,buy,2020-08-11,18.0,82.0,,,,,,1.0172032659693273,19:48:35.442331
197,500000,buy,2020-08-11,43.0,56.0,,1.0,,,,1.0180117867958414,19:48:36.671938
198,1000000,buy,2020-08-11,48.0,46.0,,1.0,,,5.0,1.0191431060647327,19:48:38.030050
199,1500000,buy,2020-08-11,53.0,43.0,,1.0,,,3.0,1.0203873895830344,19:48:39.379149
200,10000,sell,2020-08-11,100.0,,,,,,,1.0167958904436702,19:48:40.610339
201,25000,sell,2020-08-11,100.0,,,,,,,1.0167430052419286,19:48:41.354100
202,50000,sell,2020-08-11,100.0,,,,,,,1.0166553993125944,19:48:42.607968
203,100000,sell,2020-08-11,100.0,,,,,,,1.016482167296228,19:48:43.422347
204,200000,sell,2020-08-11,100.0,,,,,,,1.016143393057294,19:48:44.846907
205,500000,sell,2020-08-11,74.0,25.0,,,,,1.0,1.0154112161192839,19:48:46.124273
206,1000000,sell,2020-08-11,64.0,32.0,,1.0,,,3.0,1.0145041046005863,19:48:47.354645
207,1500000,sell,2020-08-11,61.0,36.0,,1.0,,,2.0,1.0137181595663356,19:48:48.550262
208,10000,buy,2020-08-11,,100.0,,,,,,1.0163388015804504,19:49:49.824662
209,25000,buy,2020-08-11,,100.0,,,,,,1.0164080572797716,19:49:50.586573
210,50000,buy,2020-08-11,,100.0,,,,,,1.0165247862470483,19:49:52.074357
211,100000,buy,2020-08-11,,100.0,,,,,,1.0167632536373257,19:49:53.357153
212,200000,buy,2020-08-11,18.0,82.0,,,,,,1.0172032655253138,19:49:54.571129
213,500000,buy,2020-08-11,43.0,56.0,,1.0,,,,1.018011786473747,19:49:55.853803
214,1000000,buy,2020-08-11,50.0,47.0,,1.0,,,2.0,1.0191851077331873,19:49:57.322053
215,1500000,buy,2020-08-11,54.0,44.0,,1.0,,,1.0,1.0204729089970355,19:49:58.561029
216,10000,sell,2020-08-11,100.0,,,,,,,1.0167958904436702,19:49:59.476330
217,25000,sell,2020-08-11,96.0,,,,,,4.0,1.0167464264484332,19:50:00.314689
218,50000,sell,2020-08-11,98.0,,,,,,2.0,1.0166605949537222,19:50:01.137797
219,100000,sell,2020-08-11,99.0,,,,,,1.0,1.0164881913250066,19:50:02.314119
220,200000,sell,2020-08-11,99.0,,,,,,1.0,1.0161489019241987,19:50:03.926396
221,500000,sell,2020-08-11,74.0,25.0,,,,,1.0,1.01541824174996,19:50:05.548380
222,1000000,sell,2020-08-11,64.0,32.0,,1.0,,,3.0,1.0145125174928913,19:50:06.232748
223,1500000,sell,2020-08-11,61.0,35.0,,1.0,,,3.0,1.013736269804769,19:50:07.526664
224,10000,buy,2020-08-11,,100.0,,,,,,1.0163387993471793,19:51:08.533704
225,25000,buy,2020-08-11,,100.0,,,,,,1.0164080550301764,19:51:09.419443
226,50000,buy,2020-08-11,,100.0,,,,,,1.0165247839698137,19:51:10.718223
227,100000,buy,2020-08-11,,100.0,,,,,,1.0167632513031364,19:51:12.683197
228,200000,buy,2020-08-11,18.0,82.0,,,,,,1.0172032635482042,19:51:14.036232
229,500000,buy,2020-08-11,43.0,56.0,,1.0,,,,1.0180117850394748,19:51:15.268917
230,1000000,buy,2020-08-11,48.0,46.0,,1.0,,,5.0,1.0191485414550172,19:51:16.671307
231,1500000,buy,2020-08-11,52.0,43.0,,1.0,,1.0,3.0,1.0203862129868058,19:51:17.304338
232,10000,sell,2020-08-11,100.0,,,,,,,1.0167958904436702,19:51:18.061461
233,25000,sell,2020-08-11,96.0,,,,,,4.0,1.0167464264484332,19:51:18.815988
234,50000,sell,2020-08-11,98.0,,,,,,2.0,1.0166605949537222,19:51:20.166151
235,100000,sell,2020-08-11,99.0,,,,,,1.0,1.0164881913250066,19:51:21.462932
236,200000,sell,2020-08-11,99.0,,,,,,1.0,1.0161489019241987,19:51:22.396316
237,500000,sell,2020-08-11,74.0,25.0,,,,,1.0,1.0154182408402195,19:51:23.648952
238,1000000,sell,2020-08-11,64.0,32.0,,1.0,,,3.0,1.0145125164287847,19:51:24.268871
239,1500000,sell,2020-08-11,61.0,35.0,,1.0,,,3.0,1.0137362687403553,19:51:25.496961
240,10000,buy,2020-08-11,,100.0,,,,,,1.0163387964570616,19:52:26.299769
241,25000,buy,2020-08-11,,100.0,,,,,,1.0164080521189334,19:52:27.086685
242,50000,buy,2020-08-11,,100.0,,,,,,1.0165247810228022,19:52:28.379650
243,100000,buy,2020-08-11,,100.0,,,,,,1.016763248282419,19:52:29.199268
244,200000,buy,2020-08-11,18.0,82.0,,,,,,1.0172051071294783,19:52:30.537822
245,500000,buy,2020-08-11,43.0,56.0,,1.0,,,,1.0180164382896604,19:52:31.203193
246,1000000,buy,2020-08-11,48.0,46.0,,1.0,,,5.0,1.0191520936033258,19:52:32.889124
247,1500000,buy,2020-08-11,53.0,43.0,,1.0,,,3.0,1.0203951045956392,19:52:34.132276
248,10000,sell,2020-08-11,100.0,,,,,,,1.0168060099957634,19:52:34.961551
249,25000,sell,2020-08-11,96.0,,,,,,4.0,1.0167560998497354,19:52:36.440516
250,50000,sell,2020-08-11,98.0,,,,,,2.0,1.0166703950632163,19:52:37.773507
251,100000,sell,2020-08-11,99.0,,,,,,1.0,1.016497942519086,19:52:38.962767
252,200000,sell,2020-08-11,99.0,,,,,,1.0,1.0161583668070504,19:52:40.089312
253,500000,sell,2020-08-11,75.0,24.0,,,,,1.0,1.0154237090166294,19:52:41.841447
254,1000000,sell,2020-08-11,64.0,32.0,,1.0,,,3.0,1.014517061892405,19:52:43.252700
255,1500000,sell,2020-08-11,61.0,35.0,,1.0,,,3.0,1.0137404479411989,19:52:43.790566
256,10000,buy,2020-08-11,,100.0,,,,,,1.0163106620021822,19:53:44.537730
257,25000,buy,2020-08-11,,100.0,,,,,,1.016379797544439,19:53:45.850769
258,50000,buy,2020-08-11,,100.0,,,,,,1.016496324067455,19:53:47.091783
259,100000,buy,2020-08-11,,100.0,,,,,,1.0167343781885192,19:53:47.804738
260,200000,buy,2020-08-11,17.0,83.0,,,,,,1.0171807796841785,19:53:48.643752
261,500000,buy,2020-08-11,42.0,57.0,,1.0,,,,1.0179990021824057,19:53:49.329764
262,1000000,buy,2020-08-11,48.0,46.0,,1.0,,,5.0,1.019136994026186,19:53:50.638872
263,1500000,buy,2020-08-11,53.0,43.0,,1.0,,,3.0,1.0203798262862844,19:53:51.880797
264,10000,sell,2020-08-11,100.0,,,,,,,1.0168060201141058,19:53:52.620703
265,25000,sell,2020-08-11,96.0,,,,,,4.0,1.0167561230671758,19:53:53.927823
266,50000,sell,2020-08-11,98.0,,,,,,2.0,1.0166704430892193,19:53:55.296749
267,100000,sell,2020-08-11,99.0,,,,,,1.0,1.0164980390741056,19:53:56.526647
268,200000,sell,2020-08-11,99.0,,,,,,1.0,1.016158554311301,19:53:57.812781
269,500000,sell,2020-08-11,75.0,24.0,,,,,1.0,1.0154174643634684,19:53:58.602706
270,1000000,sell,2020-08-11,64.0,32.0,,1.0,,,3.0,1.0145091274016336,19:53:59.445670
271,1500000,sell,2020-08-11,61.0,36.0,,1.0,,,2.0,1.0137196185548243,19:54:00.207000
272,10000,buy,2020-08-11,,100.0,,,,,,1.016310659397533,19:55:00.987923
273,25000,buy,2020-08-11,,100.0,,,,,,1.0163797949207591,19:55:02.293070
274,50000,buy,2020-08-11,,100.0,,,,,,1.0164963214115526,19:55:03.995934
275,100000,buy,2020-08-11,,100.0,,,,,,1.0167343754662186,19:55:05.238524
276,200000,buy,2020-08-11,6.0,94.0,,,,,,1.0172250246322319,19:55:06.396914
277,500000,buy,2020-08-11,37.0,61.0,,1.0,,,1.0,1.0181552380876933,19:55:07.779015
278,1000000,buy,2020-08-11,46.0,48.0,,1.0,,,5.0,1.0193273206750115,19:55:08.412008
279,1500000,buy,2020-08-11,51.0,45.0,,1.0,,,3.0,1.0206015655115588,19:55:09.332871
280,10000,sell,2020-08-11,100.0,,,,,,,1.0171903227247672,19:55:10.037624
281,25000,sell,2020-08-11,100.0,,,,,,,1.017136670955101,19:55:11.363756
282,50000,sell,2020-08-11,100.0,,,,,,,1.0170477973789513,19:55:12.615753
283,100000,sell,2020-08-11,99.0,,,,,,1.0,1.0168742409727618,19:55:13.335843
284,200000,sell,2020-08-11,99.0,,,,,,1.0,1.0165301922781427,19:55:14.617144
285,500000,sell,2020-08-11,80.0,19.0,,,,,1.0,1.0157015537216183,19:55:15.292448
286,1000000,sell,2020-08-11,66.0,29.0,,1.0,,,4.0,1.0147485697539,19:55:16.031447
287,1500000,sell,2020-08-11,63.0,33.0,,1.0,,,3.0,1.013952342330038,19:55:17.238402
288,10000,buy,2020-08-11,,100.0,,,,,,1.016310659397533,19:56:18.725732
289,25000,buy,2020-08-11,,100.0,,,,,,1.0163797949207591,19:56:20.103839
290,50000,buy,2020-08-11,,100.0,,,,,,1.0164963214115526,19:56:20.851062
291,100000,buy,2020-08-11,,100.0,,,,,,1.0167343754662186,19:56:21.864236
292,200000,buy,2020-08-11,6.0,94.0,,,,,,1.0172250246322319,19:56:23.202855
293,500000,buy,2020-08-11,37.0,61.0,,1.0,,,1.0,1.0181552380876933,19:56:24.418031
294,1000000,buy,2020-08-11,46.0,48.0,,1.0,,,5.0,1.0193273206750115,19:56:25.157974
295,1500000,buy,2020-08-11,51.0,45.0,,1.0,,,3.0,1.0206015655115588,19:56:25.863024
296,10000,sell,2020-08-11,100.0,,,,,,,1.0171903227247672,19:56:26.794035
297,25000,sell,2020-08-11,100.0,,,,,,,1.017136670955101,19:56:28.178770
298,50000,sell,2020-08-11,100.0,,,,,,,1.0170477973789513,19:56:28.877580
299,100000,sell,2020-08-11,99.0,,,,,,1.0,1.0168742409727618,19:56:30.152528
300,200000,sell,2020-08-11,99.0,,,,,,1.0,1.0165301922781427,19:56:31.446466
301,500000,sell,2020-08-11,80.0,19.0,,,,,1.0,1.0157015537216183,19:56:32.722448
302,1000000,sell,2020-08-11,67.0,29.0,,1.0,,,3.0,1.014737960245399,19:56:33.416037
303,1500000,sell,2020-08-11,63.0,34.0,,1.0,,,2.0,1.0139323146190178,19:56:34.728442
304,10000,buy,2020-08-11,,100.0,,,,,,1.016310655560937,19:57:35.482666
305,25000,buy,2020-08-11,,100.0,,,,,,1.016379791056153,19:57:36.271993
306,50000,buy,2020-08-11,,100.0,,,,,,1.0164963174995205,19:57:37.012626
307,100000,buy,2020-08-11,,100.0,,,,,,1.0167343714564618,19:57:38.272263
308,200000,buy,2020-08-11,6.0,94.0,,,,,,1.0172250206916817,19:57:38.997279
309,500000,buy,2020-08-11,37.0,61.0,,1.0,,,1.0,1.0181552353682681,19:57:40.320805
310,1000000,buy,2020-08-11,46.0,48.0,,1.0,,,5.0,1.0193273183199343,19:57:41.589069
311,1500000,buy,2020-08-11,51.0,45.0,,1.0,,,3.0,1.0205988414999774,19:57:42.254001
312,10000,sell,2020-08-11,100.0,,,,,,,1.0171903227247672,19:57:43.156871
313,25000,sell,2020-08-11,100.0,,,,,,,1.017136670955101,19:57:43.847074
314,50000,sell,2020-08-11,100.0,,,,,,,1.0170477973789513,19:57:45.244822
315,100000,sell,2020-08-11,99.0,,,,,,1.0,1.0168742409727618,19:57:45.943879
316,200000,sell,2020-08-11,99.0,,,,,,1.0,1.0165301922781427,19:57:46.604836
317,500000,sell,2020-08-11,80.0,19.0,,,,,1.0,1.0157006321074757,19:57:47.775712
318,1000000,sell,2020-08-11,66.0,29.0,,1.0,,,4.0,1.014745334068763,19:57:48.562151
319,1500000,sell,2020-08-11,63.0,33.0,,1.0,,,3.0,1.0139441317749023,19:57:49.297358
320,10000,buy,2020-08-11,,100.0,,,,,,1.016333544093933,19:58:50.227588
321,25000,buy,2020-08-11,,100.0,,,,,,1.0164028365739621,19:58:50.969211
322,50000,buy,2020-08-11,,100.0,,,,,,1.0165196286733271,19:58:52.291741
323,100000,buy,2020-08-11,,100.0,,,,,,1.016758229478478,19:58:53.522546
324,200000,buy,2020-08-11,6.0,94.0,,,,,,1.0172500873809982,19:58:54.217968
325,500000,buy,2020-08-11,37.0,61.0,,1.0,,,1.0,1.0181838937983518,19:58:55.491814
326,1000000,buy,2020-08-11,46.0,48.0,,1.0,,,5.0,1.0193576247368097,19:58:56.208558
327,1500000,buy,2020-08-11,51.0,45.0,,1.0,,,3.0,1.0206342307431162,19:58:56.933915
328,10000,sell,2020-08-11,99.0,,,,1.0,,,1.0172229880263062,19:58:57.951997
329,25000,sell,2020-08-11,99.0,,,,1.0,,,1.017164885769923,19:58:59.345859
330,50000,sell,2020-08-11,100.0,,,,,,,1.017075514978473,19:59:00.665535
331,100000,sell,2020-08-11,99.0,,,,,,1.0,1.016901408515944,19:59:02.265660
332,200000,sell,2020-08-11,99.0,,,,,,1.0,1.0165568244489043,19:59:03.071628
333,500000,sell,2020-08-11,80.0,19.0,,,,,1.0,1.0157269300888847,19:59:03.774370
334,1000000,sell,2020-08-11,66.0,29.0,,1.0,,,4.0,1.0147716778842355,19:59:04.589345
335,1500000,sell,2020-08-11,63.0,33.0,,1.0,,,3.0,1.0139738598295445,19:59:06.018746
336,10000,buy,2020-08-11,,100.0,,,,,,1.016333544093933,20:00:08.409561
337,25000,buy,2020-08-11,,100.0,,,,,,1.0164028365739621,20:00:11.093552
338,50000,buy,2020-08-11,,100.0,,,,,,1.0165196286733271,20:00:12.593519
339,100000,buy,2020-08-11,,100.0,,,,,,1.016758229478478,20:00:14.059746
340,200000,buy,2020-08-11,6.0,94.0,,,,,,1.0172500873809982,20:00:14.931494
341,500000,buy,2020-08-11,37.0,61.0,,1.0,,,1.0,1.0181838937983518,20:00:15.795779
342,1000000,buy,2020-08-11,46.0,48.0,,1.0,,,5.0,1.0193576247368097,20:00:17.086979
343,1500000,buy,2020-08-11,51.0,45.0,,1.0,,,3.0,1.0206342307431162,20:00:18.494361
344,10000,sell,2020-08-11,99.0,,,,1.0,,,1.0172229880263062,20:00:19.235585
345,25000,sell,2020-08-11,99.0,,,,1.0,,,1.017164885769923,20:00:20.522691
346,50000,sell,2020-08-11,100.0,,,,,,,1.017075514978473,20:00:21.314761
347,100000,sell,2020-08-11,99.0,,,,,,1.0,1.016901408515944,20:00:22.603867
348,200000,sell,2020-08-11,99.0,,,,,,1.0,1.0165568244489043,20:00:23.981811
349,500000,sell,2020-08-11,80.0,19.0,,,,,1.0,1.0157269300505356,20:00:25.197793
350,1000000,sell,2020-08-11,66.0,29.0,,1.0,,,4.0,1.0147716778307851,20:00:25.727663
351,1500000,sell,2020-08-11,63.0,33.0,,1.0,,,3.0,1.013973859773955,20:00:26.422140
352,10000,buy,2020-08-11,,100.0,,,,,,1.0163335390714565,20:01:27.506163
353,25000,buy,2020-08-11,,100.0,,,,,,1.016402831514819,20:01:28.646777
354,50000,buy,2020-08-11,,100.0,,,,,,1.0165196235521021,20:01:29.280162
355,100000,buy,2020-08-11,,100.0,,,,,,1.0167582242293252,20:01:30.604880
356,200000,buy,2020-08-11,6.0,94.0,,,,,,1.0172500819767967,20:01:31.313551
357,500000,buy,2020-08-11,37.0,61.0,,1.0,,,1.0,1.0181838900688178,20:01:32.638955
358,1000000,buy,2020-08-11,46.0,48.0,,1.0,,,5.0,1.0193576215069342,20:01:33.345524
359,1500000,buy,2020-08-11,51.0,45.0,,1.0,,,3.0,1.0206342273518922,20:01:35.016082
360,10000,sell,2020-08-11,100.0,,,,,,,1.0172182693914453,20:01:36.290738
361,25000,sell,2020-08-11,100.0,,,,,,,1.017164531288129,20:01:37.698402
362,50000,sell,2020-08-11,100.0,,,,,,,1.017075514978473,20:01:39.032905
363,100000,sell,2020-08-11,99.0,,,,,,1.0,1.016901408515944,20:01:39.789548
364,200000,sell,2020-08-11,100.0,,,,,,,1.0165553300785781,20:01:40.637605
365,500000,sell,2020-08-11,80.0,19.0,,,,,1.0,1.0157244108757812,20:01:41.316172
366,1000000,sell,2020-08-11,66.0,29.0,,1.0,,,4.0,1.014766118257935,20:01:42.737656
367,1500000,sell,2020-08-11,63.0,33.0,,1.0,,,3.0,1.0139546929961858,20:01:43.509453
368,10000,buy,2020-08-11,,100.0,,,,,,1.0163233482615917,20:02:44.799877
369,25000,buy,2020-08-11,,100.0,,,,,,1.0163925971534893,20:02:45.619476
370,50000,buy,2020-08-11,,100.0,,,,,,1.016509315813287,20:02:46.891625
371,100000,buy,2020-08-11,,100.0,,,,,,1.0167477666953344,20:02:47.612284
372,200000,buy,2020-08-11,6.0,94.0,,,,,,1.0172399935578837,20:02:48.548829
373,500000,buy,2020-08-11,37.0,61.0,,1.0,,,1.0,1.018177158636429,20:02:49.391559
374,1000000,buy,2020-08-11,46.0,48.0,,1.0,,,5.0,1.0193531064409724,20:02:50.087613
375,1500000,buy,2020-08-11,52.0,44.0,,1.0,,,3.0,1.0205544679497616,20:02:51.585724
376,10000,sell,2020-08-11,100.0,,,,,,,1.0170998432447003,20:02:52.887021
377,25000,sell,2020-08-11,100.0,,,,,,,1.017046526177476,20:02:54.126624
378,50000,sell,2020-08-11,100.0,,,,,,,1.0169582047712964,20:02:55.371890
379,100000,sell,2020-08-11,100.0,,,,,,,1.0167835578238977,20:02:56.088658
380,200000,sell,2020-08-11,100.0,,,,,,,1.0164420170541135,20:02:56.812209
381,500000,sell,2020-08-11,79.0,20.0,,,,,1.0,1.0156342825315696,20:02:57.519494
382,1000000,sell,2020-08-11,66.0,29.0,,1.0,,,4.0,1.0146968963286218,20:02:58.197482
383,1500000,sell,2020-08-11,63.0,34.0,,1.0,,,2.0,1.0138931418830983,20:03:00.950050
384,10000,buy,2020-08-11,,100.0,,,,,,1.016321534510309,20:04:02.015428
385,25000,buy,2020-08-11,,100.0,,,,,,1.0163907791838285,20:04:02.796414
386,50000,buy,2020-08-11,,100.0,,,,,,1.0165074907836398,20:04:04.062448
387,100000,buy,2020-08-11,,100.0,,,,,,1.0167459274382384,20:04:04.904430
388,200000,buy,2020-08-11,9.0,91.0,,,,,,1.0172295262723847,20:04:06.251457
389,500000,buy,2020-08-11,39.0,60.0,,1.0,,,,1.0181286321288063,20:04:07.678000
390,1000000,buy,2020-08-11,47.0,47.0,,1.0,,,5.0,1.0192892310427721,20:04:08.937596
391,1500000,buy,2020-08-11,52.0,44.0,,1.0,,,3.0,1.02055283552736,20:04:09.807317
392,10000,sell,2020-08-11,100.0,,,,,,,1.0170998432447003,20:04:10.667041
393,25000,sell,2020-08-11,100.0,,,,,,,1.017046526177476,20:04:12.020608
394,50000,sell,2020-08-11,100.0,,,,,,,1.0169582047712964,20:04:13.437153
395,100000,sell,2020-08-11,99.0,,,,,,1.0,1.0167865957568079,20:04:14.737736
396,200000,sell,2020-08-11,99.0,,,,,,1.0,1.0164445936473487,20:04:16.068404
397,500000,sell,2020-08-11,79.0,20.0,,,,,1.0,1.0156392598035355,20:04:17.319422
398,1000000,sell,2020-08-11,66.0,30.0,,1.0,,,3.0,1.0146978381765788,20:04:18.694457
399,1500000,sell,2020-08-11,63.0,34.0,,1.0,,,2.0,1.0138946716478356,20:04:19.357407
400,10000,buy,2020-08-11,,100.0,,,,,,1.0163047370361016,20:05:20.099749
401,25000,buy,2020-08-11,,100.0,,,,,,1.0163739099210765,20:05:20.987466
402,50000,buy,2020-08-11,,100.0,,,,,,1.0164905005682217,20:05:21.681244
403,100000,buy,2020-08-11,,100.0,,,,,,1.0167286903058657,20:05:23.136776
404,200000,buy,2020-08-11,8.0,92.0,,,,,,1.0172134404241508,20:05:23.827554
405,500000,buy,2020-08-11,39.0,60.0,,1.0,,,,1.018117646285444,20:05:25.222106
406,1000000,buy,2020-08-11,47.0,47.0,,1.0,,,5.0,1.0192801506780087,20:05:26.344747
407,1500000,buy,2020-08-11,52.0,44.0,,1.0,,,3.0,1.0205437834593634,20:05:27.215468
408,10000,sell,2020-08-11,100.0,,,,,,,1.0170998432447003,20:05:28.641010
409,25000,sell,2020-08-11,100.0,,,,,,,1.017046526177476,20:05:29.245816
410,50000,sell,2020-08-11,100.0,,,,,,,1.0169582047712964,20:05:30.622410
411,100000,sell,2020-08-11,99.0,,,,,,1.0,1.0167865957568079,20:05:31.969396
412,200000,sell,2020-08-11,99.0,,,,,,1.0,1.0164445936473487,20:05:33.147353
413,500000,sell,2020-08-11,79.0,20.0,,,,,1.0,1.0156360075402895,20:05:33.947395
414,1000000,sell,2020-08-11,66.0,29.0,,1.0,,,4.0,1.0146950576946547,20:05:35.282328
415,1500000,sell,2020-08-11,62.0,34.0,,1.0,,,3.0,1.0139036871683595,20:05:36.503245
416,10000,buy,2020-08-11,,100.0,,,,,,1.0163233962784115,20:06:37.288635
417,25000,buy,2020-08-11,,100.0,,,,,,1.0163926874268214,20:06:38.080573
418,50000,buy,2020-08-11,,100.0,,,,,,1.0165094781138937,20:06:39.608893
419,100000,buy,2020-08-11,,100.0,,,,,,1.0167480792794579,20:06:40.921805
420,200000,buy,2020-08-11,9.0,91.0,,,,,,1.017231748053911,20:06:42.198468
421,500000,buy,2020-08-11,39.0,60.0,,1.0,,,,1.018130376156986,20:06:42.985906
422,1000000,buy,2020-08-11,47.0,47.0,,1.0,,,5.0,1.019290965912741,20:06:43.699126
423,1500000,buy,2020-08-11,52.0,44.0,,1.0,,,3.0,1.0205549324200751,20:06:45.036865
424,10000,sell,2020-08-11,96.0,,,,4.0,,,1.0171495798157937,20:06:46.285864
425,25000,sell,2020-08-11,98.0,,,,2.0,,,1.017066259525325,20:06:47.528875
426,50000,sell,2020-08-11,99.0,,,,1.0,,,1.016969827995986,20:06:49.091896
427,100000,sell,2020-08-11,99.0,,,,,,1.0,1.0167865957568079,20:06:50.013765
428,200000,sell,2020-08-11,99.0,,,,,,1.0,1.0164445936473487,20:06:51.929848
429,500000,sell,2020-08-11,79.0,20.0,,,,,1.0,1.0156395669903702,20:06:52.528866
430,1000000,sell,2020-08-11,66.0,29.0,,1.0,,,4.0,1.014696403272428,20:06:53.795933
431,1500000,sell,2020-08-11,62.0,34.0,,1.0,,,3.0,1.013901059905788,20:06:55.027683
432,10000,buy,2020-08-11,,100.0,,,,,,1.0163233941782632,20:07:56.273873
433,25000,buy,2020-08-11,,100.0,,,,,,1.0163926853113343,20:07:56.974083
434,50000,buy,2020-08-11,,100.0,,,,,,1.016509475972435,20:07:57.766425
435,100000,buy,2020-08-11,,100.0,,,,,,1.0167480770844812,20:07:58.661737
436,200000,buy,2020-08-11,9.0,91.0,,,,,,1.0172317459719165,20:07:59.391015
437,500000,buy,2020-08-11,39.0,60.0,,1.0,,,,1.0181303746965908,20:08:00.805037
438,1000000,buy,2020-08-11,47.0,47.0,,1.0,,,5.0,1.01929670515107,20:08:02.255002
439,1500000,buy,2020-08-11,52.0,44.0,,1.0,,,3.0,1.020558229237632,20:08:03.585551
440,10000,sell,2020-08-11,100.0,,,,,,,1.0170998432447003,20:08:04.888052
441,25000,sell,2020-08-11,100.0,,,,,,,1.017046526177476,20:08:05.665012
442,50000,sell,2020-08-11,100.0,,,,,,,1.0169582047712964,20:08:06.601693
443,100000,sell,2020-08-11,99.0,,,,,,1.0,1.0167865957568079,20:08:07.740827
444,200000,sell,2020-08-11,99.0,,,,,,1.0,1.0164445936473487,20:08:08.531601
445,500000,sell,2020-08-11,79.0,20.0,,,,,1.0,1.0156395665522673,20:08:09.547460
446,1000000,sell,2020-08-11,66.0,29.0,,1.0,,,4.0,1.0146990217109633,20:08:10.913118
447,1500000,sell,2020-08-11,62.0,34.0,,1.0,,,3.0,1.0139082991103012,20:08:12.152334
448,10000,buy,2020-08-11,,100.0,,,,,,1.016323392317281,20:09:12.955395
449,25000,buy,2020-08-11,,100.0,,,,,,1.0163926834367607,20:09:14.308360
450,50000,buy,2020-08-11,,100.0,,,,,,1.0165094740748482,20:09:15.040212
451,100000,buy,2020-08-11,,100.0,,,,,,1.016748075139472,20:09:16.310343
452,200000,buy,2020-08-11,12.0,88.0,,,,,,1.017220743693508,20:09:17.638415
453,500000,buy,2020-08-11,40.0,59.0,,1.0,,,,1.018087320502255,20:09:18.858103
454,1000000,buy,2020-08-11,47.0,47.0,,1.0,,,5.0,1.0192430110952655,20:09:19.585250
455,1500000,buy,2020-08-11,52.0,44.0,,1.0,,,3.0,1.0204948681684178,20:09:20.455272
456,10000,sell,2020-08-11,100.0,,,,,,,1.0169960947393029,20:09:21.058127
457,25000,sell,2020-08-11,100.0,,,,,,,1.0169430931430217,20:09:21.761576
458,50000,sell,2020-08-11,98.0,,,,,,2.0,1.0168564996203249,20:09:23.013808
459,100000,sell,2020-08-11,99.0,,,,,,1.0,1.0166857172761714,20:09:24.341508
460,200000,sell,2020-08-11,99.0,,,,,,1.0,1.016345697220874,20:09:25.048863
461,500000,sell,2020-08-11,77.0,22.0,,,,,1.0,1.015564525191164,20:09:26.309678
462,1000000,sell,2020-08-11,65.0,30.0,,1.0,,,4.0,1.0146392924630803,20:09:27.703562
463,1500000,sell,2020-08-11,62.0,34.0,,1.0,,,3.0,1.013854543833593,20:09:28.362352
464,10000,buy,2020-08-11,,100.0,,,,,,1.0163233905094788,20:10:29.086864
465,25000,buy,2020-08-11,,100.0,,,,,,1.016392681615755,20:10:30.439678
466,50000,buy,2020-08-11,,100.0,,,,,,1.0165094722314867,20:10:31.200520
467,100000,buy,2020-08-11,,100.0,,,,,,1.0167480732500433,20:10:32.483541
468,200000,buy,2020-08-11,13.0,87.0,,,,,,1.0172174100223097,20:10:34.185291
469,500000,buy,2020-08-11,41.0,58.0,,1.0,,,,1.018075815532609,20:10:34.873407
470,1000000,buy,2020-08-11,48.0,46.0,,1.0,,,5.0,1.019228682001231,20:10:35.665153
471,1500000,buy,2020-08-11,52.0,44.0,,1.0,,,3.0,1.0204777177791158,20:10:36.899759
472,10000,sell,2020-08-11,100.0,,,,,,,1.0169693929088803,20:10:37.676509
473,25000,sell,2020-08-11,100.0,,,,,,,1.0169164931821417,20:10:38.978094
474,50000,sell,2020-08-11,98.0,,,,,,2.0,1.0168305899750087,20:10:39.641879
475,100000,sell,2020-08-11,99.0,,,,,,1.0,1.0166598708906456,20:10:40.458617
476,200000,sell,2020-08-11,99.0,,,,,,1.0,1.0163204782278301,20:10:41.191383
477,500000,sell,2020-08-11,77.0,22.0,,,,,1.0,1.0155457755346826,20:10:41.845172
478,1000000,sell,2020-08-11,65.0,30.0,,1.0,,,4.0,1.014624404649843,20:10:43.474650
479,1500000,sell,2020-08-11,62.0,34.0,,1.0,,,3.0,1.0138334592409788,20:10:44.743244
480,10000,buy,2020-08-11,,100.0,,,,,,1.0161079124364696,20:11:45.527305
481,25000,buy,2020-08-11,,100.0,,,,,,1.0161758030229426,20:11:46.268045
482,50000,buy,2020-08-11,,100.0,,,,,,1.0162902242329783,20:11:47.551916
483,100000,buy,2020-08-11,,100.0,,,,,,1.016523950250783,20:11:48.294923
484,200000,buy,2020-08-11,6.0,94.0,,,,,,1.0170063548263506,20:11:49.618807
485,500000,buy,2020-08-11,38.0,61.0,,1.0,,,,1.0179291761700975,20:11:50.887669
486,1000000,buy,2020-08-11,46.0,48.0,,1.0,,,5.0,1.019102310844201,20:11:51.581424
487,1500000,buy,2020-08-11,51.0,45.0,,1.0,,,3.0,1.0203472630447807,20:11:52.528381
488,10000,sell,2020-08-11,100.0,,,,,,,1.0169693929088803,20:11:53.841910
489,25000,sell,2020-08-11,100.0,,,,,,,1.0169164931821417,20:11:54.571717
490,50000,sell,2020-08-11,98.0,,,,,,2.0,1.0168305899750087,20:11:55.787300
491,100000,sell,2020-08-11,99.0,,,,,,1.0,1.0166598708906456,20:11:56.469689
492,200000,sell,2020-08-11,99.0,,,,,,1.0,1.0163204782278301,20:11:57.108571
493,500000,sell,2020-08-11,80.0,19.0,,,,,1.0,1.0155024703113331,20:11:58.458311
494,1000000,sell,2020-08-11,66.0,29.0,,1.0,,,4.0,1.0145679202197204,20:11:59.130915
495,1500000,sell,2020-08-11,63.0,33.0,,1.0,,,3.0,1.013781764522621,20:12:00.216169
496,10000,buy,2020-08-11,,100.0,,,,,,1.0161079102341077,20:13:01.610246
497,25000,buy,2020-08-11,,100.0,,,,,,1.0161758008045831,20:13:03.043902
498,50000,buy,2020-08-11,,100.0,,,,,,1.016290221987534,20:13:04.439679
499,100000,buy,2020-08-11,,100.0,,,,,,1.0165239479495372,20:13:05.807216
500,200000,buy,2020-08-11,6.0,94.0,,,,,,1.0170063525653488,20:13:07.097374
501,500000,buy,2020-08-11,38.0,61.0,,1.0,,,,1.017929174610251,20:13:08.058495
502,1000000,buy,2020-08-11,46.0,48.0,,1.0,,,5.0,1.0191023094940175,20:13:08.952343
503,1500000,buy,2020-08-11,51.0,45.0,,1.0,,,3.0,1.020347261628147,20:13:09.715709
504,10000,sell,2020-08-11,97.0,,,,,3.0,,1.0169724499949564,20:13:10.399860
505,25000,sell,2020-08-11,98.0,,,,,2.0,,1.0169194632621725,20:13:11.741133
506,50000,sell,2020-08-11,96.0,,,,,2.0,2.0,1.016833961843781,20:13:12.491056
507,100000,sell,2020-08-11,98.0,,,,,1.0,1.0,1.0166649856216567,20:13:13.837964
508,200000,sell,2020-08-11,98.0,,,,,1.0,1.0,1.0163292176531549,20:13:15.063978
509,500000,sell,2020-08-11,79.0,19.0,,,,1.0,1.0,1.0155149534577765,20:13:16.448348
510,1000000,sell,2020-08-11,67.0,29.0,,1.0,,1.0,2.0,1.014574077733363,20:13:17.363879
511,1500000,sell,2020-08-11,63.0,33.0,,1.0,,1.0,2.0,1.0137635984940239,20:13:18.047760
512,10000,buy,2020-08-11,,100.0,,,,,,1.0161079075653645,20:14:18.953348
513,25000,buy,2020-08-11,,100.0,,,,,,1.0161757981164545,20:14:19.681094
514,50000,buy,2020-08-11,,100.0,,,,,,1.0162902192665852,20:14:20.550712
515,100000,buy,2020-08-11,,100.0,,,,,,1.0165239451609693,20:14:21.249985
516,200000,buy,2020-08-11,5.0,95.0,,,,,,1.0170067031503311,20:14:22.716273
517,500000,buy,2020-08-11,38.0,61.0,,1.0,,,,1.017931578072093,20:14:23.968113
518,1000000,buy,2020-08-11,46.0,48.0,,1.0,,,5.0,1.0191054295396567,20:14:24.739023
519,1500000,buy,2020-08-11,51.0,45.0,,1.0,,,3.0,1.0203510191353702,20:14:26.057995
520,10000,sell,2020-08-11,100.0,,,,,,,1.0169754203688561,20:14:27.401134
521,25000,sell,2020-08-11,100.0,,,,,,,1.0169224981802298,20:14:28.129926
522,50000,sell,2020-08-11,98.0,,,,,,2.0,1.0168364399552072,20:14:29.350605
523,100000,sell,2020-08-11,99.0,,,,,,1.0,1.016665708261911,20:14:30.605561
524,200000,sell,2020-08-11,99.0,,,,,,1.0,1.0163261770024739,20:14:31.484458
525,500000,sell,2020-08-11,80.0,19.0,,,,,1.0,1.0155068601533228,20:14:32.812453
526,1000000,sell,2020-08-11,66.0,29.0,,1.0,,,4.0,1.0145687973949309,20:14:33.564410
527,1500000,sell,2020-08-11,63.0,33.0,,1.0,,,3.0,1.0137825291536358,20:14:34.392267
528,10000,buy,2020-08-11,,100.0,,,,,,1.0161079069694317,20:15:35.800525
529,25000,buy,2020-08-11,,100.0,,,,,,1.0161757975161925,20:15:36.551923
530,50000,buy,2020-08-11,,100.0,,,,,,1.0162902186589946,20:15:37.280707
531,100000,buy,2020-08-11,,100.0,,,,,,1.0165239445382794,20:15:38.794515
532,200000,buy,2020-08-11,5.0,95.0,,,,,,1.017006702531405,20:15:39.403037
533,500000,buy,2020-08-11,38.0,61.0,,1.0,,,,1.0179315776500149,20:15:40.773431
534,1000000,buy,2020-08-11,46.0,48.0,,1.0,,,5.0,1.0191054291743107,20:15:42.049219
535,1500000,buy,2020-08-11,51.0,45.0,,1.0,,,3.0,1.0203510187520433,20:15:42.908025
536,10000,sell,2020-08-11,100.0,,,,,,,1.0169754203688561,20:15:43.698911
537,25000,sell,2020-08-11,100.0,,,,,,,1.0169224981802298,20:15:44.937218
538,50000,sell,2020-08-11,98.0,,,,,,2.0,1.0168364399552072,20:15:45.636585
539,100000,sell,2020-08-11,99.0,,,,,,1.0,1.016665708261911,20:15:46.320026
540,200000,sell,2020-08-11,99.0,,,,,,1.0,1.0163261770024739,20:15:47.080409
541,500000,sell,2020-08-11,80.0,19.0,,,,,1.0,1.0155068598307406,20:15:47.785846
542,1000000,sell,2020-08-11,67.0,30.0,,1.0,,,2.0,1.0145572890543595,20:15:48.441751
543,1500000,sell,2020-08-11,63.0,34.0,,1.0,,,2.0,1.0137616092645303,20:15:49.863414
544,10000,buy,2020-08-11,,100.0,,,,,,1.0161079033938354,20:16:51.269438
545,25000,buy,2020-08-11,,100.0,,,,,,1.0161757939146236,20:16:52.008460
546,50000,buy,2020-08-11,,100.0,,,,,,1.016290215013453,20:16:53.376310
547,100000,buy,2020-08-11,,100.0,,,,,,1.0165239408021423,20:16:54.133664
548,200000,buy,2020-08-11,5.0,95.0,,,,,,1.0170066988178499,20:16:54.901612
549,500000,buy,2020-08-11,38.0,61.0,,1.0,,,,1.0179315751175482,20:16:55.658311
550,1000000,buy,2020-08-11,49.0,49.0,,1.0,,,1.0,1.0191534213069129,20:16:56.373383
551,1500000,buy,2020-08-11,53.0,46.0,,1.0,,,,1.0204771954597864,20:16:57.093290
552,10000,sell,2020-08-11,100.0,,,,,,,1.0169754203688561,20:16:57.831700
553,25000,sell,2020-08-11,100.0,,,,,,,1.0169224981802298,20:16:58.532247
554,50000,sell,2020-08-11,98.0,,,,,,2.0,1.0168364399552072,20:16:59.857315
555,100000,sell,2020-08-11,99.0,,,,,,1.0,1.016665708261911,20:17:01.130630
556,200000,sell,2020-08-11,99.0,,,,,,1.0,1.016323169352474,20:17:01.870490
557,500000,sell,2020-08-11,79.0,19.0,,,,1.0,1.0,1.015505273218367,20:17:03.226196
558,1000000,sell,2020-08-11,66.0,29.0,,1.0,,1.0,3.0,1.0145650206531054,20:17:04.000853
559,1500000,sell,2020-08-11,63.0,33.0,,1.0,,1.0,2.0,1.0137676809915208,20:17:05.261831
560,10000,buy,2020-08-11,,100.0,,,,,,1.016107902642544,20:18:06.013390
561,25000,buy,2020-08-11,,100.0,,,,,,1.0161757931578748,20:18:06.756375
562,50000,buy,2020-08-11,,100.0,,,,,,1.0162902142474646,20:18:07.654355
563,100000,buy,2020-08-11,,100.0,,,,,,1.0165239400171178,20:18:09.139436
564,200000,buy,2020-08-11,5.0,95.0,,,,,,1.0170066980375698,20:18:09.938313
565,500000,buy,2020-08-11,38.0,61.0,,1.0,,,,1.017931574585434,20:18:10.663080
566,1000000,buy,2020-08-11,46.0,48.0,,1.0,,,5.0,1.0191067053425678,20:18:12.106962
567,1500000,buy,2020-08-11,51.0,45.0,,1.0,,,3.0,1.0203518706010504,20:18:13.374102
568,10000,sell,2020-08-11,100.0,,,,,,,1.0169754203688561,20:18:14.641617
569,25000,sell,2020-08-11,100.0,,,,,,,1.0169224981802298,20:18:15.309404
570,50000,sell,2020-08-11,100.0,,,,,,,1.0168348305165174,20:18:16.814280
571,100000,sell,2020-08-11,100.0,,,,,,,1.0166614748601994,20:18:17.367103
572,200000,sell,2020-08-11,100.0,,,,,,,1.0163224538779974,20:18:18.665374
573,500000,sell,2020-08-11,80.0,19.0,,,,,1.0,1.0155015645850718,20:18:19.743030
574,1000000,sell,2020-08-11,67.0,29.0,,1.0,,,3.0,1.0145635697694144,20:18:20.491064
575,1500000,sell,2020-08-11,63.0,34.0,,1.0,,,2.0,1.0137664112376765,20:18:21.751288
576,10000,buy,2020-08-11,,100.0,,,,,,1.016118334610017,20:19:23.405794
577,25000,buy,2020-08-11,,100.0,,,,,,1.016186290998477,20:19:24.094890
578,50000,buy,2020-08-11,,100.0,,,,,,1.016299718705514,20:19:25.536651
579,100000,buy,2020-08-11,,100.0,,,,,,1.016533655548085,20:19:26.270654
580,200000,buy,2020-08-11,6.0,94.0,,,,,,1.0170167890120099,20:19:27.164917
581,500000,buy,2020-08-11,38.0,61.0,,1.0,,,,1.0179417999124782,20:19:28.015947
582,1000000,buy,2020-08-11,46.0,48.0,,1.0,,,5.0,1.0191168707717693,20:19:29.292862
583,1500000,buy,2020-08-11,51.0,45.0,,1.0,,,3.0,1.0203620157135633,20:19:29.965878
584,10000,sell,2020-08-11,100.0,,,,,,,1.0169850659335185,20:19:31.288152
585,25000,sell,2020-08-11,100.0,,,,,,,1.016932134573624,20:19:32.037912
586,50000,sell,2020-08-11,98.0,,,,,,2.0,1.0168458694182962,20:19:32.781287
587,100000,sell,2020-08-11,99.0,,,,,,1.0,1.0166752047571461,20:19:33.564046
588,200000,sell,2020-08-11,99.0,,,,,,1.0,1.0163356184540315,20:19:34.249712
589,500000,sell,2020-08-11,80.0,19.0,,,,,1.0,1.0155166961927227,20:19:35.503011
590,1000000,sell,2020-08-11,66.0,29.0,,1.0,,,4.0,1.0145774554573272,20:19:36.210149
591,1500000,sell,2020-08-11,63.0,33.0,,1.0,,,3.0,1.0137909277356438,20:19:37.474173
592,10000,buy,2020-08-11,,100.0,,,,,,1.0161197285131167,20:20:38.753117
593,25000,buy,2020-08-11,,100.0,,,,,,1.0161876902036842,20:20:39.559820
594,50000,buy,2020-08-11,,100.0,,,,,,1.0163022316434902,20:20:40.842930
595,100000,buy,2020-08-11,,100.0,,,,,,1.0165362047806308,20:20:41.623077
596,200000,buy,2020-08-11,6.0,94.0,,,,,,1.0170192479288103,20:20:42.453614
597,500000,buy,2020-08-11,38.0,61.0,,1.0,,,,1.0179434536487073,20:20:43.426321
598,1000000,buy,2020-08-11,46.0,48.0,,1.0,,,5.0,1.0191169642856235,20:20:44.765926
599,1500000,buy,2020-08-11,51.0,45.0,,1.0,,,3.0,1.020363390163185,20:20:46.115955
600,10000,sell,2020-08-11,100.0,,,,,,,1.0169850659335185,20:20:48.177735
601,25000,sell,2020-08-11,100.0,,,,,,,1.016932134573624,20:20:48.916931
602,50000,sell,2020-08-11,98.0,,,,,,2.0,1.0168458694182962,20:20:49.681743
603,100000,sell,2020-08-11,99.0,,,,,,1.0,1.0166752047571461,20:20:50.885162
604,200000,sell,2020-08-11,99.0,,,,,,1.0,1.0163356184540315,20:20:51.613588
605,500000,sell,2020-08-11,80.0,19.0,,,,,1.0,1.0155171537909724,20:20:52.465797
606,1000000,sell,2020-08-11,67.0,29.0,,1.0,,,3.0,1.0145753083591784,20:20:53.201276
607,1500000,sell,2020-08-11,63.0,33.0,,1.0,,,3.0,1.0137844118674673,20:20:54.632117
608,10000,buy,2020-08-11,,100.0,,,,,,1.0161197264125008,20:21:55.928416
609,25000,buy,2020-08-11,,100.0,,,,,,1.0161876880878047,20:21:56.729384
610,50000,buy,2020-08-11,,100.0,,,,,,1.0163022295017692,20:21:57.975751
611,100000,buy,2020-08-11,,100.0,,,,,,1.0165362025856683,20:21:58.918406
612,200000,buy,2020-08-11,6.0,94.0,,,,,,1.0170190644254655,20:21:59.614285
613,500000,buy,2020-08-11,38.0,61.0,,1.0,,,,1.017942273194511,20:22:00.894931
614,1000000,buy,2020-08-11,46.0,48.0,,1.0,,,5.0,1.019115476349443,20:22:02.289876
615,1500000,buy,2020-08-11,51.0,45.0,,1.0,,,3.0,1.0203616588442133,20:22:03.216700
616,10000,sell,2020-08-11,100.0,,,,,,,1.0169820503689673,20:22:04.693741
617,25000,sell,2020-08-11,100.0,,,,,,,1.0169291256228201,20:22:06.048815
618,50000,sell,2020-08-11,98.0,,,,,,2.0,1.016842930943989,20:22:06.851425
619,100000,sell,2020-08-11,99.0,,,,,,1.0,1.0166722576833493,20:22:07.771330
620,200000,sell,2020-08-11,99.0,,,,,,1.0,1.0163327126077937,20:22:09.219644
621,500000,sell,2020-08-11,80.0,19.0,,,,,1.0,1.015514869851455,20:22:10.020192
622,1000000,sell,2020-08-11,67.0,29.0,,1.0,,,3.0,1.0145761831538491,20:22:10.698013
623,1500000,sell,2020-08-11,63.0,34.0,,1.0,,,2.0,1.0137772923719544,20:22:11.846516
624,10000,buy,2020-08-11,,100.0,,,,,,1.0161197237932147,20:23:12.589894
625,25000,buy,2020-08-11,,100.0,,,,,,1.0161876854494862,20:23:13.659737
626,50000,buy,2020-08-11,,100.0,,,,,,1.0163022268312285,20:23:14.390795
627,100000,buy,2020-08-11,,100.0,,,,,,1.0165361998487403,20:23:15.078817
628,200000,buy,2020-08-11,6.0,94.0,,,,,,1.0170190617363624,20:23:15.860765
629,500000,buy,2020-08-11,38.0,61.0,,1.0,,,,1.0179422713392843,20:23:17.347887
630,1000000,buy,2020-08-11,46.0,48.0,,1.0,,,5.0,1.0191154747435323,20:23:18.049832
631,1500000,buy,2020-08-11,51.0,45.0,,1.0,,,3.0,1.020361657159198,20:23:18.750900
632,10000,sell,2020-08-11,100.0,,,,,,,1.0169820503689673,20:23:20.176821
633,25000,sell,2020-08-11,100.0,,,,,,,1.0169291256228201,20:23:21.512876
634,50000,sell,2020-08-11,98.0,,,,,,2.0,1.016842930943989,20:23:22.769855
635,100000,sell,2020-08-11,99.0,,,,,,1.0,1.0166722576833493,20:23:24.157819
636,200000,sell,2020-08-11,99.0,,,,,,1.0,1.0163327126077937,20:23:24.833826
637,500000,sell,2020-08-11,80.0,19.0,,,,,1.0,1.0155148693788507,20:23:25.620765
638,1000000,sell,2020-08-11,67.0,29.0,,1.0,,,3.0,1.0145707445345102,20:23:26.895818
639,1500000,sell,2020-08-11,63.0,34.0,,1.0,,,2.0,1.0137723946558201,20:23:27.647802
640,10000,buy,2020-08-11,,100.0,,,,,,1.0161390770008094,20:24:28.376236
641,25000,buy,2020-08-11,,100.0,,,,,,1.0162071605758536,20:24:29.151123
642,50000,buy,2020-08-11,,100.0,,,,,,1.0163219081626775,20:24:29.929065
643,100000,buy,2020-08-11,,100.0,,,,,,1.0165563052184385,20:24:30.666051
644,200000,buy,2020-08-11,7.0,93.0,,,,,,1.017038302602984,20:24:31.435926
645,500000,buy,2020-08-11,38.0,61.0,,1.0,,,,1.0179531307679894,20:24:32.149880
646,1000000,buy,2020-08-11,46.0,48.0,,1.0,,,5.0,1.019123705801642,20:24:33.691993
647,1500000,buy,2020-08-11,51.0,45.0,,1.0,,,3.0,1.0203697426903369,20:24:34.995114
648,10000,sell,2020-08-11,100.0,,,,,,,1.0169754515457328,20:24:35.641766
649,25000,sell,2020-08-11,100.0,,,,,,,1.016922542115246,20:24:36.875115
650,50000,sell,2020-08-11,98.0,,,,,,2.0,1.0168365029581774,20:24:38.217069
651,100000,sell,2020-08-11,99.0,,,,,,1.0,1.0166658136604856,20:24:39.452087
652,200000,sell,2020-08-11,99.0,,,,,,1.0,1.016326364206328,20:24:40.584880
653,500000,sell,2020-08-11,80.0,19.0,,,,,1.0,1.0155134046499612,20:24:41.900601
654,1000000,sell,2020-08-11,66.0,29.0,,1.0,,,4.0,1.0145804695724654,20:24:42.732116
655,1500000,sell,2020-08-11,63.0,33.0,,1.0,,,3.0,1.0137875744550593,20:24:44.070025
656,10000,buy,2020-08-11,,100.0,,,,,,1.0161372823143615,20:25:44.878805
657,25000,buy,2020-08-11,,100.0,,,,,,1.01620535444175,20:25:45.661697
658,50000,buy,2020-08-11,,100.0,,,,,,1.0163200826648275,20:25:47.094287
659,100000,buy,2020-08-11,,100.0,,,,,,1.016554439893523,20:25:47.749336
660,200000,buy,2020-08-11,6.0,94.0,,,,,,1.017037741656698,20:25:48.977497
661,500000,buy,2020-08-11,38.0,61.0,,1.0,,,,1.0179600764010825,20:25:49.859247
662,1000000,buy,2020-08-11,46.0,48.0,,1.0,,,5.0,1.019138143186018,20:25:51.086936
663,1500000,buy,2020-08-11,51.0,45.0,,1.0,,,3.0,1.020382860653274,20:25:51.910924
664,10000,sell,2020-08-11,100.0,,,,,,,1.0169963977814969,20:25:52.738767
665,25000,sell,2020-08-11,100.0,,,,,,,1.0169434414271807,20:25:54.112688
666,50000,sell,2020-08-11,98.0,,,,,,2.0,1.016856911218018,20:25:54.967057
667,100000,sell,2020-08-11,99.0,,,,,,1.0,1.0166862784055584,20:25:55.767594
668,200000,sell,2020-08-11,99.0,,,,,,1.0,1.0163465362714577,20:25:56.416794
669,500000,sell,2020-08-11,80.0,19.0,,,,,1.0,1.0155285613465268,20:25:57.626824
670,1000000,sell,2020-08-11,67.0,29.0,,1.0,,,3.0,1.0145788203274801,20:25:58.885932
671,1500000,sell,2020-08-11,63.0,34.0,,1.0,,,2.0,1.01378306807293,20:26:00.226700
672,10000,buy,2020-08-11,,100.0,,,,,,1.0161251568095286,20:27:01.176814
673,25000,buy,2020-08-11,,100.0,,,,,,1.0161931773874924,20:27:01.963321
674,50000,buy,2020-08-11,,100.0,,,,,,1.0163078187625196,20:27:02.991708
675,100000,buy,2020-08-11,,100.0,,,,,,1.0165419987152653,20:27:04.786799
676,200000,buy,2020-08-11,5.0,95.0,,,,,,1.017029228251773,20:27:05.495552
677,500000,buy,2020-08-11,37.0,61.0,,1.0,,,1.0,1.0179581430300886,20:27:06.911659
678,1000000,buy,2020-08-11,46.0,48.0,,1.0,,,5.0,1.0191268976526944,20:27:08.332670
679,1500000,buy,2020-08-11,51.0,45.0,,1.0,,,3.0,1.0203779585328367,20:27:09.838198
680,10000,sell,2020-08-11,100.0,,,,,,,1.0170080986561618,20:27:11.135234
681,25000,sell,2020-08-11,100.0,,,,,,,1.0169551067533862,20:27:11.836961
682,50000,sell,2020-08-11,98.0,,,,,,2.0,1.0168682878258666,20:27:12.542143
683,100000,sell,2020-08-11,99.0,,,,,,1.0,1.0166976557729492,20:27:14.012959
684,200000,sell,2020-08-11,99.0,,,,,,1.0,1.0163576902896732,20:27:14.845403
685,500000,sell,2020-08-11,80.0,19.0,,,,,1.0,1.0155354695822654,20:27:15.580801
686,1000000,sell,2020-08-11,66.0,29.0,,1.0,,,4.0,1.014586309910224,20:27:16.308864
687,1500000,sell,2020-08-11,63.0,33.0,,1.0,,,3.0,1.013795098127278,20:27:17.821864
688,10000,buy,2020-08-11,,100.0,,,,,,1.0161280654565683,20:28:19.094687
689,25000,buy,2020-08-11,,100.0,,,,,,1.0161960983915648,20:28:20.486652
690,50000,buy,2020-08-11,,100.0,,,,,,1.016310760240758,20:28:21.777699
691,100000,buy,2020-08-11,,100.0,,,,,,1.0165449826791708,20:28:22.752592
692,200000,buy,2020-08-11,5.0,95.0,,,,,,1.017029500236065,20:28:23.495355
693,500000,buy,2020-08-11,37.0,61.0,,1.0,,,1.0,1.0179608879092472,20:28:24.733957
694,1000000,buy,2020-08-11,46.0,48.0,,1.0,,,5.0,1.0191301299970847,20:28:25.429733
695,1500000,buy,2020-08-11,51.0,45.0,,1.0,,,3.0,1.0203816112716404,20:28:26.136034
696,10000,sell,2020-08-11,100.0,,,,,,,1.017013579109197,20:28:26.876797
697,25000,sell,2020-08-11,100.0,,,,,,,1.016960576681516,20:28:28.015626
698,50000,sell,2020-08-11,98.0,,,,,,2.0,1.0168736319779466,20:28:28.572449
699,100000,sell,2020-08-11,99.0,,,,,,1.0,1.0167030204840917,20:28:29.453165
700,200000,sell,2020-08-11,99.0,,,,,,1.0,1.0163629896573187,20:28:30.713762
701,500000,sell,2020-08-11,80.0,19.0,,,,,1.0,1.0155398366960344,20:28:32.050596
702,1000000,sell,2020-08-11,67.0,29.0,,1.0,,,3.0,1.0145867127166224,20:28:32.655521
703,1500000,sell,2020-08-11,63.0,33.0,,1.0,,,3.0,1.0137933590022588,20:28:33.330305
704,10000,buy,2020-08-11,,100.0,,,,,,1.0160405790381888,20:29:34.644918
705,25000,buy,2020-08-11,,100.0,,,,,,1.0161080522723756,20:29:35.500835
706,50000,buy,2020-08-11,,100.0,,,,,,1.016221767724169,20:29:37.309924
707,100000,buy,2020-08-11,,100.0,,,,,,1.016454042904836,20:29:38.205496
708,200000,buy,2020-08-11,2.0,98.0,,,,,,1.0169381524934071,20:29:39.146882
709,500000,buy,2020-08-11,36.0,62.0,,1.0,,,1.0,1.0178987087829268,20:29:40.506140
710,1000000,buy,2020-08-11,45.0,49.0,,1.0,,,5.0,1.0190772002590087,20:29:41.806443
711,1500000,buy,2020-08-11,51.0,45.0,,1.0,,,3.0,1.020327034896245,20:29:43.048492
712,10000,sell,2020-08-11,99.0,,,,,1.0,,1.0170198628469436,20:29:43.748834
713,25000,sell,2020-08-11,100.0,,,,,,,1.0169605786127058,20:29:45.047448
714,50000,sell,2020-08-11,98.0,,,,,,2.0,1.0168736338638988,20:29:46.396753
715,100000,sell,2020-08-11,99.0,,,,,,1.0,1.0167030223755533,20:29:47.718312
716,200000,sell,2020-08-11,99.0,,,,,,1.0,1.0163629915223005,20:29:48.406945
717,500000,sell,2020-08-11,81.0,18.0,,,,,1.0,1.0155230294548834,20:29:49.726068
718,1000000,sell,2020-08-11,68.0,28.0,,1.0,,,3.0,1.014559722219248,20:29:50.395474
719,1500000,sell,2020-08-11,64.0,33.0,,1.0,,,2.0,1.0137627420788828,20:29:51.609889
720,10000,buy,2020-08-11,,100.0,,,,,,1.0160380160991436,20:30:52.436707
721,25000,buy,2020-08-11,,100.0,,,,,,1.016105478460485,20:30:53.130667
722,50000,buy,2020-08-11,,100.0,,,,,,1.0162191755946102,20:30:53.853905
723,100000,buy,2020-08-11,,100.0,,,,,,1.0164514133864082,20:30:55.066014
724,200000,buy,2020-08-11,2.0,98.0,,,,,,1.0169355022263142,20:30:56.341271
725,500000,buy,2020-08-11,36.0,62.0,,1.0,,,1.0,1.0178969724352882,20:30:57.117599
726,1000000,buy,2020-08-11,45.0,49.0,,1.0,,,5.0,1.0190797822646593,20:30:58.568610
727,1500000,buy,2020-08-11,51.0,45.0,,1.0,,,3.0,1.0203283133562595,20:30:59.811368
728,10000,sell,2020-08-11,99.0,,,,,1.0,,1.0170198628469436,20:31:01.043277
729,25000,sell,2020-08-11,100.0,,,,,,,1.0169605786127058,20:31:01.979450
730,50000,sell,2020-08-11,98.0,,,,,,2.0,1.0168736338638988,20:31:04.170720
731,100000,sell,2020-08-11,99.0,,,,,,1.0,1.0167030223755533,20:31:05.068880
732,200000,sell,2020-08-11,99.0,,,,,,1.0,1.0163629915223005,20:31:05.735360
733,500000,sell,2020-08-11,81.0,18.0,,,,,1.0,1.01552394269669,20:31:07.277183
734,1000000,sell,2020-08-11,68.0,28.0,,1.0,,,3.0,1.014563533016603,20:31:08.507838
735,1500000,sell,2020-08-11,63.0,33.0,,1.0,,,3.0,1.013768818362283,20:31:09.451352
736,10000,buy,2020-08-11,,100.0,,,,,,1.0163520371488504,20:32:10.316545
737,25000,buy,2020-08-11,,100.0,,,,,,1.0164214970241134,20:32:11.143073
738,50000,buy,2020-08-11,,100.0,,,,,,1.016538572928331,20:32:12.429179
739,100000,buy,2020-08-11,,100.0,,,,,,1.0167777600069448,20:32:13.166880
740,200000,buy,2020-08-11,11.0,87.0,,,,2.0,,1.017233265448094,20:32:14.381037
741,500000,buy,2020-08-11,39.0,58.0,,1.0,,1.0,1.0,1.018093400644845,20:32:15.127697
742,1000000,buy,2020-08-11,47.0,46.0,,1.0,,1.0,5.0,1.0192383247569639,20:32:16.490236
743,1500000,buy,2020-08-11,52.0,43.0,,1.0,,1.0,3.0,1.0204780106333269,20:32:17.634852
744,10000,sell,2020-08-11,100.0,,,,,,,1.0170135810446346,20:32:18.391478
745,25000,sell,2020-08-11,100.0,,,,,,,1.0169605786127058,20:32:19.096764
746,50000,sell,2020-08-11,98.0,,,,,,2.0,1.0168736338638988,20:32:19.672212
747,100000,sell,2020-08-11,99.0,,,,,,1.0,1.0167030223755533,20:32:20.383348
748,200000,sell,2020-08-11,99.0,,,,,,1.0,1.0163599838723003,20:32:21.131980
749,500000,sell,2020-08-11,77.0,22.0,,,,,1.0,1.0155806600210906,20:32:21.838953
750,1000000,sell,2020-08-11,66.0,31.0,,1.0,,,2.0,1.0146410028080082,20:32:23.122211
751,1500000,sell,2020-08-11,62.0,35.0,,1.0,,,2.0,1.0138461629982014,20:32:24.391651
752,10000,buy,2020-08-11,,,97.0,,,3.0,,1.015917511260279,20:33:25.176518
753,25000,buy,2020-08-11,,98.0,,,,2.0,,1.0163927084929483,20:33:26.870443
754,50000,buy,2020-08-11,,99.0,,,,1.0,,1.0165218093640807,20:33:27.910487
755,100000,buy,2020-08-11,,100.0,,,,,,1.0167777596234855,20:33:29.192490
756,200000,buy,2020-08-11,12.0,88.0,,,,,,1.0172497887045326,20:33:30.486476
757,500000,buy,2020-08-11,40.0,58.0,,1.0,,,1.0,1.0181115540372103,20:33:31.123481
758,1000000,buy,2020-08-11,47.0,46.0,,1.0,,1.0,5.0,1.019262920703217,20:33:32.703632
759,1500000,buy,2020-08-11,52.0,43.0,,1.0,,1.0,3.0,1.0205022350518216,20:33:33.480355
760,10000,sell,2020-08-11,100.0,,,,,,,1.0170135810446346,20:33:34.775634
761,25000,sell,2020-08-11,100.0,,,,,,,1.0169605786127058,20:33:35.757521
762,50000,sell,2020-08-11,100.0,,,,,,,1.016872778198104,20:33:36.984533
763,100000,sell,2020-08-11,100.0,,,,,,,1.0166991606943476,20:33:38.294639
764,200000,sell,2020-08-11,100.0,,,,,,,1.0163596302544586,20:33:38.989487
765,500000,sell,2020-08-11,78.0,22.0,,,,,,1.0155775119254562,20:33:40.206498
766,1000000,sell,2020-08-11,66.0,31.0,,1.0,,,2.0,1.014637848015222,20:33:40.969789
767,1500000,sell,2020-08-11,62.0,35.0,,1.0,,,2.0,1.0138457235136704,20:33:42.189554
768,10000,buy,2020-08-11,,96.0,,,,4.0,,1.016279974300201,20:34:43.049410
769,25000,buy,2020-08-11,,98.0,,,,2.0,,1.0163927059586628,20:34:43.808043
770,50000,buy,2020-08-11,,99.0,,,,1.0,,1.016521806613693,20:34:44.539476
771,100000,buy,2020-08-11,,100.0,,,,,,1.01677775677493,20:34:45.845464
772,200000,buy,2020-08-11,12.0,88.0,,,,,,1.017249786099316,20:34:46.618211
773,500000,buy,2020-08-11,40.0,58.0,,1.0,,,1.0,1.0181115522143522,20:34:47.335787
774,1000000,buy,2020-08-11,48.0,46.0,,1.0,,,5.0,1.0192646710632407,20:34:48.765167
775,1500000,buy,2020-08-11,52.0,44.0,,1.0,,,3.0,1.0205186812478813,20:34:50.112449
776,10000,sell,2020-08-11,100.0,,,,,,,1.0170135810446346,20:34:51.326128
777,25000,sell,2020-08-11,100.0,,,,,,,1.0169605786127058,20:34:52.098389
778,50000,sell,2020-08-11,98.0,,,,,,2.0,1.0168736338638988,20:34:52.802375
779,100000,sell,2020-08-11,99.0,,,,,,1.0,1.0167030223755533,20:34:53.567738
780,200000,sell,2020-08-11,99.0,,,,,,1.0,1.0163629915223005,20:34:54.878225
781,500000,sell,2020-08-11,77.0,22.0,,,,,1.0,1.0155830535352637,20:34:56.157640
782,1000000,sell,2020-08-11,67.0,31.0,,1.0,,,1.0,1.0146423448038426,20:34:57.481832
783,1500000,sell,2020-08-11,62.0,35.0,,1.0,,,2.0,1.0138452069750146,20:34:58.740764
784,10000,buy,2020-08-11,,96.0,,,,4.0,,1.0162799722381244,20:35:59.648934
785,25000,buy,2020-08-11,,98.0,,,,2.0,,1.016392703838136,20:36:00.914158
786,50000,buy,2020-08-11,,99.0,,,,1.0,,1.0165218046037914,20:36:01.997170
787,100000,buy,2020-08-11,,100.0,,,,,,1.0167777546932903,20:36:02.804683
788,200000,buy,2020-08-11,12.0,88.0,,,,,,1.0172502989496741,20:36:03.667397
789,500000,buy,2020-08-11,41.0,58.0,,1.0,,,,1.01811499913142,20:36:04.650411
790,1000000,buy,2020-08-11,49.0,48.0,,1.0,,,2.0,1.0193084046059575,20:36:06.367473
791,1500000,buy,2020-08-11,54.0,44.0,,1.0,,,1.0,1.0206088977676628,20:36:07.144914
792,10000,sell,2020-08-11,100.0,,,,,,,1.0170178442714775,20:36:08.030933
793,25000,sell,2020-08-11,100.0,,,,,,,1.0169648288889763,20:36:09.603475
794,50000,sell,2020-08-11,98.0,,,,,,2.0,1.016877778947701,20:36:10.846975
795,100000,sell,2020-08-11,99.0,,,,,,1.0,1.0167071677411976,20:36:12.092564
796,200000,sell,2020-08-11,99.0,,,,,,1.0,1.0163670555203206,20:36:13.420660
797,500000,sell,2020-08-11,77.0,22.0,,,,,1.0,1.0155872171438787,20:36:14.233413
798,1000000,sell,2020-08-11,66.0,30.0,,1.0,,,3.0,1.0146559775168396,20:36:15.128595
799,1500000,sell,2020-08-11,62.0,34.0,,1.0,,,3.0,1.0138684106045195,20:36:16.363529
800,10000,buy,2020-08-11,,100.0,,,,,,1.0163520298903836,20:37:17.763342
801,25000,buy,2020-08-11,,100.0,,,,,,1.0164214897124997,20:37:18.516157
802,50000,buy,2020-08-11,,100.0,,,,,,1.0165385655267272,20:37:19.232080
803,100000,buy,2020-08-11,,100.0,,,,,,1.0167777524198964,20:37:20.471075
804,200000,buy,2020-08-11,12.0,88.0,,,,,,1.0172502842527817,20:37:21.723109
805,500000,buy,2020-08-11,41.0,58.0,,1.0,,,,1.018114944943265,20:37:22.402149
806,1000000,buy,2020-08-11,47.0,47.0,,1.0,,,5.0,1.0192825988849965,20:37:23.200120
807,1500000,buy,2020-08-11,52.0,44.0,,1.0,,,3.0,1.0205304039893344,20:37:23.900567
808,10000,sell,2020-08-11,100.0,,,,,,,1.0170177434127043,20:37:24.455016
809,25000,sell,2020-08-11,100.0,,,,,,,1.0169647299683242,20:37:25.411714
810,50000,sell,2020-08-11,98.0,,,,,,2.0,1.0168776850341115,20:37:26.647273
811,100000,sell,2020-08-11,99.0,,,,,,1.0,1.0167070792029824,20:37:27.472839
812,200000,sell,2020-08-11,99.0,,,,,,1.0,1.0163669793680372,20:37:28.218032
813,500000,sell,2020-08-11,77.0,22.0,,,,,1.0,1.0155871752564714,20:37:28.918235
814,1000000,sell,2020-08-11,66.0,30.0,,1.0,,,3.0,1.0146559634792458,20:37:30.075459
815,1500000,sell,2020-08-11,62.0,34.0,,1.0,,,3.0,1.013873042770497,20:37:30.736326
816,10000,buy,2020-08-11,,100.0,,,,,,1.0163520276908775,20:38:32.068341
817,25000,buy,2020-08-11,,100.0,,,,,,1.0164214874968829,20:38:32.854401
818,50000,buy,2020-08-11,,100.0,,,,,,1.0165385632838317,20:38:33.681276
819,100000,buy,2020-08-11,,100.0,,,,,,1.0167777501207864,20:38:34.366580
820,200000,buy,2020-08-11,12.0,88.0,,,,,,1.0172502821500442,20:38:35.663299
821,500000,buy,2020-08-11,41.0,58.0,,1.0,,,,1.0181149434719514,20:38:36.454458
822,1000000,buy,2020-08-11,47.0,47.0,,1.0,,,5.0,1.0192825975694038,20:38:37.863522
823,1500000,buy,2020-08-11,52.0,44.0,,1.0,,,3.0,1.0205304026141022,20:38:38.646378
824,10000,sell,2020-08-11,100.0,,,,,,,1.0170177434127043,20:38:39.962376
825,25000,sell,2020-08-11,100.0,,,,,,,1.0169647299683242,20:38:40.697665
826,50000,sell,2020-08-11,98.0,,,,,,2.0,1.0168776850341115,20:38:41.580382
827,100000,sell,2020-08-11,99.0,,,,,,1.0,1.0167070792029824,20:38:42.353489
828,200000,sell,2020-08-11,99.0,,,,,,1.0,1.0163669793680372,20:38:43.268276
829,500000,sell,2020-08-11,77.0,22.0,,,,,1.0,1.0155871748004364,20:38:44.503336
830,1000000,sell,2020-08-11,66.0,30.0,,1.0,,,3.0,1.0146584619500247,20:38:45.246364
831,1500000,sell,2020-08-11,62.0,34.0,,1.0,,,3.0,1.0138730421821618,20:38:46.436280
832,10000,buy,2020-08-11,,100.0,,,,,,1.016335145311311,20:39:47.913373
833,25000,buy,2020-08-11,,100.0,,,,,,1.016404505390378,20:39:49.255289
834,50000,buy,2020-08-11,,100.0,,,,,,1.0165214132609173,20:39:50.589504
835,100000,buy,2020-08-11,,100.0,,,,,,1.0167602577189978,20:39:51.852468
836,200000,buy,2020-08-11,12.0,88.0,,,,,,1.0172345686216029,20:39:52.616729
837,500000,buy,2020-08-11,40.0,59.0,,1.0,,,,1.018104402553268,20:39:53.406760
838,1000000,buy,2020-08-11,47.0,47.0,,1.0,,,5.0,1.019278765690275,20:39:54.704727
839,1500000,buy,2020-08-11,52.0,44.0,,1.0,,,3.0,1.0205248728526262,20:39:55.508361
840,10000,sell,2020-08-11,100.0,,,,,,,1.0170190358450242,20:39:56.269689
841,25000,sell,2020-08-11,100.0,,,,,,,1.0169660183651024,20:39:57.045390
842,50000,sell,2020-08-11,98.0,,,,,,2.0,1.0168789413767794,20:39:57.934218
843,100000,sell,2020-08-11,99.0,,,,,,1.0,1.0167083352989672,20:39:59.173058
844,200000,sell,2020-08-11,99.0,,,,,,1.0,1.0163682102238416,20:40:00.404271
845,500000,sell,2020-08-11,78.0,21.0,,,,,1.0,1.015584603761095,20:40:01.063201
846,1000000,sell,2020-08-11,66.0,30.0,,1.0,,,3.0,1.01465192260152,20:40:02.631088
847,1500000,sell,2020-08-11,62.0,34.0,,1.0,,,3.0,1.0138616767474864,20:40:03.499306
848,10000,buy,2020-08-11,,100.0,,,,,,1.0163351440561723,20:41:04.808317
849,25000,buy,2020-08-11,,100.0,,,,,,1.016404504126049,20:41:05.575420
850,50000,buy,2020-08-11,,100.0,,,,,,1.0165214119810257,20:41:06.475592
851,100000,buy,2020-08-11,,100.0,,,,,,1.016760256407037,20:41:07.967395
852,200000,buy,2020-08-11,12.0,88.0,,,,,,1.0172345674217067,20:41:08.837200
853,500000,buy,2020-08-11,40.0,59.0,,1.0,,,,1.0181044016969916,20:41:09.734188
854,1000000,buy,2020-08-11,47.0,47.0,,1.0,,,5.0,1.0192787649395585,20:41:11.329273
855,1500000,buy,2020-08-11,52.0,44.0,,1.0,,,3.0,1.020524872067895,20:41:12.157427
856,10000,sell,2020-08-11,,,38.0,,,62.0,,1.0182552872224413,20:41:13.134800
857,25000,sell,2020-08-11,74.0,,,,,26.0,,1.0174741380676942,20:41:13.909771
858,50000,sell,2020-08-11,93.0,,,,,5.0,2.0,1.0169152028589579,20:41:14.687400
859,100000,sell,2020-08-11,96.0,,,,,3.0,1.0,1.0167359885387433,20:41:15.812677
860,200000,sell,2020-08-11,97.0,,,,,2.0,1.0,1.0163939302100442,20:41:17.429918
861,500000,sell,2020-08-11,77.0,21.0,,,,1.0,1.0,1.0156078380463585,20:41:18.179484
862,1000000,sell,2020-08-11,65.0,30.0,,1.0,,1.0,3.0,1.0146787348733817,20:41:19.403973
863,1500000,sell,2020-08-11,62.0,34.0,,1.0,,1.0,2.0,1.013880325933468,20:41:20.602073
864,10000,buy,2020-08-11,,100.0,,,,,,1.0163063416416938,20:42:22.094439
865,25000,buy,2020-08-11,,100.0,,,,,,1.016375587965211,20:42:23.360286
866,50000,buy,2020-08-11,,100.0,,,,,,1.0164923041346132,20:42:24.639845
867,100000,buy,2020-08-11,,100.0,,,,,,1.0167307570929405,20:42:25.389222
868,200000,buy,2020-08-11,12.0,88.0,,,,,,1.0172025970706007,20:42:26.191029
869,500000,buy,2020-08-11,41.0,58.0,,1.0,,,,1.0180670312797084,20:42:27.011531
870,1000000,buy,2020-08-11,47.0,47.0,,1.0,,,5.0,1.0192395721705976,20:42:27.886918
871,1500000,buy,2020-08-11,52.0,44.0,,1.0,,,3.0,1.0204811065665358,20:42:29.169308
872,10000,sell,2020-08-11,69.0,,,,,31.0,,1.0172482252930375,20:42:30.005276
873,25000,sell,2020-08-11,87.0,,,,,13.0,,1.0170440069664792,20:42:31.237991
874,50000,sell,2020-08-11,91.0,,,,,7.0,2.0,1.0169078420888467,20:42:32.642777
875,100000,sell,2020-08-11,95.0,,,,,4.0,1.0,1.0167139065085316,20:42:33.917400
876,200000,sell,2020-08-11,96.0,,,,,3.0,1.0,1.01636443320935,20:42:34.704316
877,500000,sell,2020-08-11,77.0,21.0,,,,1.0,1.0,1.015575571838783,20:42:35.576433
878,1000000,sell,2020-08-11,65.0,29.0,,1.0,,1.0,4.0,1.0146560309163923,20:42:36.903812
879,1500000,sell,2020-08-11,61.0,34.0,,1.0,,1.0,3.0,1.0138705270380526,20:42:37.495579
880,10000,buy,2020-08-11,,100.0,,,,,,1.016289665587608,20:43:38.327176
881,25000,buy,2020-08-11,,100.0,,,,,,1.0163588405716308,20:43:38.991697
882,50000,buy,2020-08-11,,100.0,,,,,,1.0164754365431354,20:43:40.246293
883,100000,buy,2020-08-11,,100.0,,,,,,1.0167136441182667,20:43:41.820421
884,200000,buy,2020-08-11,12.0,88.0,,,,,,1.0171871948208904,20:43:42.467212
885,500000,buy,2020-08-11,40.0,59.0,,1.0,,,,1.0180563452159717,20:43:43.761614
886,1000000,buy,2020-08-11,47.0,47.0,,1.0,,,5.0,1.0192305566967295,20:43:45.015211
887,1500000,buy,2020-08-11,52.0,44.0,,1.0,,,3.0,1.0204721188738062,20:43:46.366489
888,10000,sell,2020-08-11,100.0,,,,,,,1.0169738279796274,20:43:47.622664
889,25000,sell,2020-08-11,100.0,,,,,,,1.0169209655079035,20:43:48.852271
890,50000,sell,2020-08-11,98.0,,,,,,2.0,1.0168350305023313,20:43:50.082662
891,100000,sell,2020-08-11,99.0,,,,,,1.0,1.0166644750610634,20:43:50.799431
892,200000,sell,2020-08-11,98.0,,,,,1.0,1.0,1.0163284870693787,20:43:51.525201
893,500000,sell,2020-08-11,77.0,21.0,,,,1.0,1.0,1.0155505849169,20:43:52.797506
894,1000000,sell,2020-08-11,65.0,30.0,,1.0,,1.0,3.0,1.014619803254025,20:43:54.175546
895,1500000,sell,2020-08-11,62.0,34.0,,1.0,,1.0,2.0,1.0138245679190125,20:43:55.410858
896,10000,buy,2020-08-11,,100.0,,,,,,1.0162896626924838,20:44:57.380069
897,25000,buy,2020-08-11,,100.0,,,,,,1.0163588376553074,20:44:58.719339
898,50000,buy,2020-08-11,,100.0,,,,,,1.0164754335909163,20:44:59.632369
899,100000,buy,2020-08-11,,100.0,,,,,,1.016713641092076,20:45:00.777561
900,200000,buy,2020-08-11,12.0,88.0,,,,,,1.0171871920531887,20:45:01.606022
901,500000,buy,2020-08-11,40.0,59.0,,1.0,,,,1.0180563432408658,20:45:02.447310
902,1000000,buy,2020-08-11,48.0,47.0,,1.0,,,4.0,1.0192417866890275,20:45:03.783003
903,1500000,buy,2020-08-11,53.0,45.0,,1.0,,,1.0,1.0205481603189202,20:45:06.267889
904,10000,sell,2020-08-11,100.0,,,,,,,1.0169738279796274,20:45:07.564519
905,25000,sell,2020-08-11,100.0,,,,,,,1.0169209655079035,20:45:09.106814
906,50000,sell,2020-08-11,98.0,,,,,,2.0,1.0168350305023313,20:45:10.589681
907,100000,sell,2020-08-11,98.0,,,,,1.0,1.0,1.0166661315804955,20:45:11.439354
908,200000,sell,2020-08-11,98.0,,,,,1.0,1.0,1.0163305863482535,20:45:12.196456
909,500000,sell,2020-08-11,77.0,21.0,,,,1.0,1.0,1.0155526815111564,20:45:13.205435
910,1000000,sell,2020-08-11,65.0,29.0,,1.0,,1.0,4.0,1.0146388990102255,20:45:14.473029
911,1500000,sell,2020-08-11,61.0,34.0,,1.0,,1.0,3.0,1.0138452312271335,20:45:15.854484
912,10000,buy,2020-08-11,,100.0,,,,,,1.0162896618077195,20:46:16.752401
913,25000,buy,2020-08-11,,100.0,,,,,,1.0163588367640626,20:46:17.987320
914,50000,buy,2020-08-11,,100.0,,,,,,1.0164754326886987,20:46:19.217330
915,100000,buy,2020-08-11,,100.0,,,,,,1.016713640167246,20:46:19.905681
916,200000,buy,2020-08-11,12.0,88.0,,,,,,1.0171871912073465,20:46:20.750745
917,500000,buy,2020-08-11,40.0,59.0,,1.0,,,,1.0180563426372402,20:46:22.033322
918,1000000,buy,2020-08-11,48.0,47.0,,1.0,,,4.0,1.0192481716931088,20:46:23.265638
919,1500000,buy,2020-08-11,52.0,44.0,,1.0,,,3.0,1.0204828874843193,20:46:24.138631
920,10000,sell,2020-08-11,100.0,,,,,,,1.0169738279796274,20:46:24.908936
921,25000,sell,2020-08-11,100.0,,,,,,,1.0169209655079035,20:46:26.160745
922,50000,sell,2020-08-11,98.0,,,,,,2.0,1.0168350305023313,20:46:27.031448
923,100000,sell,2020-08-11,99.0,,,,,,1.0,1.0166644750610634,20:46:27.781252
924,200000,sell,2020-08-11,99.0,,,,,,1.0,1.0163253052933146,20:46:28.988660
925,500000,sell,2020-08-11,77.0,21.0,,,,1.0,1.0,1.0155613362843492,20:46:29.734279
926,1000000,sell,2020-08-11,65.0,30.0,,1.0,,1.0,3.0,1.0146460325290714,20:46:30.552373
927,1500000,sell,2020-08-11,62.0,34.0,,1.0,,1.0,2.0,1.0138456144180494,20:46:31.397475
928,10000,buy,2020-08-11,,100.0,,,,,,1.0161592477712167,20:47:32.338305
929,25000,buy,2020-08-11,,100.0,,,,,,1.0162278647738185,20:47:33.048995
930,50000,buy,2020-08-11,,100.0,,,,,,1.0163435206155318,20:47:33.730400
931,100000,buy,2020-08-11,,100.0,,,,,,1.016579808911533,20:47:35.059969
932,200000,buy,2020-08-11,8.0,92.0,,,,,,1.0170628624538378,20:47:35.866514
933,500000,buy,2020-08-11,39.0,60.0,,1.0,,,,1.0179696929587554,20:47:37.163051
934,1000000,buy,2020-08-11,48.0,48.0,,1.0,,,3.0,1.0191739376518247,20:47:37.901022
935,1500000,buy,2020-08-11,52.0,44.0,,1.0,,,3.0,1.0204100471571753,20:47:39.276381
936,10000,sell,2020-08-11,100.0,,,,,,,1.0169685719969743,20:47:40.580117
937,25000,sell,2020-08-11,100.0,,,,,,,1.0169157275328227,20:47:41.847085
938,50000,sell,2020-08-11,98.0,,,,,,2.0,1.016829925275619,20:47:43.197188
939,100000,sell,2020-08-11,99.0,,,,,,1.0,1.0166593756765328,20:47:43.914085
940,200000,sell,2020-08-11,99.0,,,,,,1.0,1.016318050791581,20:47:44.585802
941,500000,sell,2020-08-11,79.0,20.0,,,,,1.0,1.0155130648723532,20:47:45.294576
942,1000000,sell,2020-08-11,66.0,29.0,,1.0,,,4.0,1.0145913777973217,20:47:45.975469
943,1500000,sell,2020-08-11,63.0,33.0,,1.0,,,3.0,1.0137973915882332,20:47:47.257717
944,10000,buy,2020-08-11,,100.0,,,,,,1.0161592468457321,20:48:48.052369
945,25000,buy,2020-08-11,,100.0,,,,,,1.016227862702095,20:48:49.427311
946,50000,buy,2020-08-11,,100.0,,,,,,1.0163435185182552,20:48:50.726325
947,100000,buy,2020-08-11,,100.0,,,,,,1.0165798067615957,20:48:51.945480
948,200000,buy,2020-08-11,8.0,92.0,,,,,,1.0170628603896703,20:48:53.367025
949,500000,buy,2020-08-11,39.0,60.0,,1.0,,,,1.0179696915275953,20:48:54.479278
950,1000000,buy,2020-08-11,48.0,48.0,,1.0,,,3.0,1.0191793598484415,20:48:55.771954
951,1500000,buy,2020-08-11,52.0,45.0,,1.0,,,2.0,1.0204408564132808,20:48:56.971129
952,10000,sell,2020-08-11,100.0,,,,,,,1.0169685719969743,20:48:57.899099
953,25000,sell,2020-08-11,100.0,,,,,,,1.0169157275328227,20:48:58.662770
954,50000,sell,2020-08-11,100.0,,,,,,,1.0168281879743646,20:48:59.377264
955,100000,sell,2020-08-11,100.0,,,,,,,1.0166550832605419,20:49:00.572377
956,200000,sell,2020-08-11,100.0,,,,,,,1.0163165439526445,20:49:01.995980
957,500000,sell,2020-08-11,79.0,20.0,,,,,1.0,1.0155075033428718,20:49:03.342310
958,1000000,sell,2020-08-11,67.0,29.0,,1.0,,,3.0,1.0145811883117406,20:49:04.827806
959,1500000,sell,2020-08-11,63.0,34.0,,1.0,,,2.0,1.0137812111534024,20:49:06.085104
960,10000,buy,2020-08-11,,100.0,,,,,,1.0161592452004264,20:50:07.259389
961,25000,buy,2020-08-11,,100.0,,,,,,1.0162278621841645,20:50:08.108271
962,50000,buy,2020-08-11,,100.0,,,,,,1.0163435179939362,20:50:09.772234
963,100000,buy,2020-08-11,,100.0,,,,,,1.0165798062241116,20:50:10.724786
964,200000,buy,2020-08-11,17.0,83.0,,,,,,1.0170780470508818,20:50:11.995635
965,500000,buy,2020-08-11,42.0,57.0,,1.0,,,,1.018145294816569,20:50:12.718624
966,1000000,buy,2020-08-11,49.0,46.0,,1.0,,,4.0,1.0193276716561315,20:50:14.390849
967,1500000,buy,2020-08-11,53.0,43.0,,1.0,,,3.0,1.020566268512043,20:50:15.613076
968,10000,sell,2020-08-11,100.0,,,,,,,1.0169685719969743,20:50:16.376102
969,25000,sell,2020-08-11,100.0,,,,,,,1.0169157275328227,20:50:17.371725
970,50000,sell,2020-08-11,98.0,,,,,,2.0,1.016829925275619,20:50:18.077435
971,100000,sell,2020-08-11,99.0,,,,,,1.0,1.0166593756765328,20:50:18.687635
972,200000,sell,2020-08-11,99.0,,,,,,1.0,1.016320316891581,20:50:19.438425
973,500000,sell,2020-08-11,76.0,23.0,,,,,1.0,1.0155706568614369,20:50:20.254824
974,1000000,sell,2020-08-11,64.0,31.0,,1.0,,,4.0,1.0146637854052196,20:50:21.525107
975,1500000,sell,2020-08-11,62.0,34.0,,1.0,,,3.0,1.013876166550555,20:50:22.908130
976,10000,buy,2020-08-11,,100.0,,,,,,1.0164241450228302,20:51:24.324138
977,25000,buy,2020-08-11,,100.0,,,,,,1.0164944500324136,20:51:25.634907
978,50000,buy,2020-08-11,,100.0,,,,,,1.0166129613248263,20:51:26.864735
979,100000,buy,2020-08-11,,100.0,,,,,,1.0168551233936804,20:51:27.979260
980,200000,buy,2020-08-11,16.0,84.0,,,,,,1.0173133064557403,20:51:28.669157
981,500000,buy,2020-08-11,42.0,57.0,,1.0,,,,1.0181452938653113,20:51:29.529853
982,1000000,buy,2020-08-11,49.0,46.0,,1.0,,,4.0,1.0193276708026235,20:51:30.905197
983,1500000,buy,2020-08-11,53.0,43.0,,1.0,,,3.0,1.0205662681920722,20:51:32.156043
984,10000,sell,2020-08-11,100.0,,,,,,,1.0169685719969743,20:51:32.984522
985,25000,sell,2020-08-11,100.0,,,,,,,1.0169157275328227,20:51:33.709849
986,50000,sell,2020-08-11,98.0,,,,,,2.0,1.016829925275619,20:51:34.431199
987,100000,sell,2020-08-11,99.0,,,,,,1.0,1.0166593756765328,20:51:35.390605
988,200000,sell,2020-08-11,99.0,,,,,,1.0,1.016320316891581,20:51:36.093577
989,500000,sell,2020-08-11,76.0,23.0,,,,,1.0,1.0155706567605987,20:51:36.871989
990,1000000,sell,2020-08-11,64.0,31.0,,1.0,,,4.0,1.0146704052851319,20:51:38.128950
991,1500000,sell,2020-08-11,62.0,34.0,,1.0,,,3.0,1.0138805797673143,20:51:39.498893
992,10000,buy,2020-08-11,,100.0,,,,,,1.0164241429611272,20:52:40.342537
993,25000,buy,2020-08-11,,100.0,,,,,,1.016494447955489,20:52:41.687669
994,50000,buy,2020-08-11,,100.0,,,,,,1.0166129592221236,20:52:42.948922
995,100000,buy,2020-08-11,,100.0,,,,,,1.0168551212378438,20:52:43.890867
996,200000,buy,2020-08-11,16.0,84.0,,,,,,1.0173133045807148,20:52:45.198152
997,500000,buy,2020-08-11,42.0,57.0,,1.0,,,,1.018145292512057,20:52:46.443357
998,1000000,buy,2020-08-11,49.0,46.0,,1.0,,,4.0,1.0193276696000253,20:52:47.128937
999,1500000,buy,2020-08-11,53.0,43.0,,1.0,,,3.0,1.0205662669397277,20:52:48.556037
1000,10000,sell,2020-08-11,100.0,,,,,,,1.0169685719969743,20:52:49.796636
1001,25000,sell,2020-08-11,100.0,,,,,,,1.0169157275328227,20:52:51.090604
1002,50000,sell,2020-08-11,98.0,,,,,,2.0,1.016829925275619,20:52:51.993306
1003,100000,sell,2020-08-11,99.0,,,,,,1.0,1.0166593756765328,20:52:52.846491
1004,200000,sell,2020-08-11,99.0,,,,,,1.0,1.016320316891581,20:52:53.612554
1005,500000,sell,2020-08-11,76.0,23.0,,,,,1.0,1.015570656109321,20:52:54.368489
1006,1000000,sell,2020-08-11,64.0,31.0,,1.0,,,4.0,1.014670404483881,20:52:55.136713
1007,1500000,sell,2020-08-11,62.0,34.0,,1.0,,,3.0,1.0138805789627388,20:52:55.922591
1008,10000,buy,2020-08-11,,100.0,,,,,,1.0164241404500793,20:53:56.679899
1009,25000,buy,2020-08-11,,100.0,,,,,,1.0164944454259015,20:53:57.409764
1010,50000,buy,2020-08-11,,100.0,,,,,,1.0166129566611408,20:53:58.808846
1011,100000,buy,2020-08-11,,100.0,,,,,,1.0168551186121464,20:53:59.524129
1012,200000,buy,2020-08-11,16.0,84.0,,,,,,1.0173178997379246,20:54:00.863239
1013,500000,buy,2020-08-11,42.0,57.0,,1.0,,,,1.0181574278543224,20:54:01.702703
1014,1000000,buy,2020-08-11,49.0,46.0,,1.0,,,4.0,1.0193419790441474,20:54:02.569241
1015,1500000,buy,2020-08-11,53.0,43.0,,1.0,,,3.0,1.0205819673330505,20:54:03.950276
1016,10000,sell,2020-08-11,100.0,,,,,,,1.0169972856699758,20:54:05.258413
1017,25000,sell,2020-08-11,100.0,,,,,,,1.0169444285950047,20:54:06.946915
1018,50000,sell,2020-08-11,98.0,,,,,,2.0,1.01685803300429,20:54:07.754500
1019,100000,sell,2020-08-11,99.0,,,,,,1.0,1.0166877314000997,20:54:08.599916
1020,200000,sell,2020-08-11,99.0,,,,,,1.0,1.0163486029054831,20:54:09.901127
1021,500000,sell,2020-08-11,75.0,21.0,,,,,4.0,1.0155961997356646,20:54:11.375876
1022,1000000,sell,2020-08-11,65.0,30.0,,1.0,,,4.0,1.0146927339601786,20:54:12.199859
1023,1500000,sell,2020-08-11,62.0,34.0,,1.0,,,3.0,1.0139007851148616,20:54:13.696293
1024,10000,buy,2020-08-11,,100.0,,,,,,1.0164241393927964,20:55:14.678814
1025,25000,buy,2020-08-11,,100.0,,,,,,1.0164944443608122,20:55:15.535765
1026,50000,buy,2020-08-11,,100.0,,,,,,1.0166129555828323,20:55:16.975768
1027,100000,buy,2020-08-11,,100.0,,,,,,1.01685511750659,20:55:17.704313
1028,200000,buy,2020-08-11,15.0,85.0,,,,,,1.0173214665397896,20:55:19.177769
1029,500000,buy,2020-08-11,42.0,57.0,,1.0,,,,1.0181678435169623,20:55:19.909088
1030,1000000,buy,2020-08-11,50.0,47.0,,1.0,,,2.0,1.019362940988992,20:55:20.706322
1031,1500000,buy,2020-08-11,54.0,44.0,,1.0,,,1.0,1.0206639316248634,20:55:21.507867
1032,10000,sell,2020-08-11,100.0,,,,,,,1.0170207152405741,20:55:22.772727
1033,25000,sell,2020-08-11,100.0,,,,,,,1.0169677666698784,20:55:24.062425
1034,50000,sell,2020-08-11,98.0,,,,,,2.0,1.0168807621614455,20:55:25.439682
1035,100000,sell,2020-08-11,99.0,,,,,,1.0,1.016710398437351,20:55:26.681694
1036,200000,sell,2020-08-11,99.0,,,,,,1.0,1.0163717748557746,20:55:27.924997
1037,500000,sell,2020-08-11,75.0,21.0,,,,,4.0,1.0156168132186305,20:55:28.893149
1038,1000000,sell,2020-08-11,65.0,30.0,,1.0,,,4.0,1.0147105970890211,20:55:29.686697
1039,1500000,sell,2020-08-11,62.0,34.0,,1.0,,,3.0,1.0139156809180165,20:55:30.687790
1040,10000,buy,2020-08-11,,100.0,,,,,,1.0164241377275758,20:56:31.769449
1041,25000,buy,2020-08-11,,100.0,,,,,,1.0164944426832971,20:56:33.056830
1042,50000,buy,2020-08-11,,100.0,,,,,,1.0166129538844968,20:56:33.627902
1043,100000,buy,2020-08-11,,100.0,,,,,,1.0168551157653387,20:56:34.288938
1044,200000,buy,2020-08-11,15.0,85.0,,,,,,1.0173214650057485,20:56:35.029479
1045,500000,buy,2020-08-11,42.0,57.0,,1.0,,,,1.0181678432567098,20:56:35.943836
1046,1000000,buy,2020-08-11,48.0,46.0,,1.0,,,5.0,1.019350073064817,20:56:37.187880
1047,1500000,buy,2020-08-11,53.0,43.0,,1.0,,,3.0,1.0205947236164894,20:56:37.970912
1048,10000,sell,2020-08-11,100.0,,,,,,,1.0170207152405741,20:56:39.230691
1049,25000,sell,2020-08-11,100.0,,,,,,,1.0169677666698784,20:56:40.450872
1050,50000,sell,2020-08-11,98.0,,,,,,2.0,1.0168807621614455,20:56:41.163268
1051,100000,sell,2020-08-11,99.0,,,,,,1.0,1.016710398437351,20:56:41.900031
1052,200000,sell,2020-08-11,99.0,,,,,,1.0,1.0163717748557746,20:56:43.235912
1053,500000,sell,2020-08-11,75.0,21.0,,,,,4.0,1.0156168131085603,20:56:43.910960
1054,1000000,sell,2020-08-11,65.0,30.0,,1.0,,,4.0,1.0147143377455323,20:56:44.623729
1055,1500000,sell,2020-08-11,62.0,34.0,,1.0,,,3.0,1.0139187981031388,20:56:45.929727
1056,10000,buy,2020-08-11,,100.0,,,,,,1.0164241348200487,20:57:47.320650
1057,25000,buy,2020-08-11,,100.0,,,,,,1.016494439754303,20:57:48.104740
1058,50000,buy,2020-08-11,,100.0,,,,,,1.01661295091915,20:57:49.431691
1059,100000,buy,2020-08-11,,100.0,,,,,,1.0168551127250594,20:57:50.774789
1060,200000,buy,2020-08-11,15.0,85.0,,,,,,1.0173214623272648,20:57:51.459700
1061,500000,buy,2020-08-11,42.0,57.0,,1.0,,,,1.018167841348192,20:57:52.770725
1062,1000000,buy,2020-08-11,48.0,46.0,,1.0,,,5.0,1.0193500714612838,20:57:54.109716
1063,1500000,buy,2020-08-11,53.0,43.0,,1.0,,,3.0,1.0205947219466054,20:57:54.838702
1064,10000,sell,2020-08-11,100.0,,,,,,,1.0170207152405741,20:57:55.646731
1065,25000,sell,2020-08-11,100.0,,,,,,,1.0169677666698784,20:57:56.421690
1066,50000,sell,2020-08-11,98.0,,,,,,2.0,1.0168807621614455,20:57:57.346715
1067,100000,sell,2020-08-11,99.0,,,,,,1.0,1.016710398437351,20:57:58.240676
1068,200000,sell,2020-08-11,99.0,,,,,,1.0,1.0163717748557746,20:57:58.906463
1069,500000,sell,2020-08-11,75.0,21.0,,,,,4.0,1.0156168125634513,20:58:00.702887
1070,1000000,sell,2020-08-11,65.0,30.0,,1.0,,,4.0,1.0147143370349212,20:58:02.243393
1071,1500000,sell,2020-08-11,62.0,34.0,,1.0,,,3.0,1.013918797298564,20:58:03.538979
1072,10000,buy,2020-08-11,,100.0,,,,,,1.016424131991819,20:59:04.399937
1073,25000,buy,2020-08-11,,100.0,,,,,,1.016494436905192,20:59:05.770647
1074,50000,buy,2020-08-11,,100.0,,,,,,1.0166129480346773,20:59:07.058910
1075,100000,buy,2020-08-11,,100.0,,,,,,1.016855109767698,20:59:07.737691
1076,200000,buy,2020-08-11,15.0,85.0,,,,,,1.0173214597218316,20:59:09.078744
1077,500000,buy,2020-08-11,42.0,57.0,,1.0,,,,1.0181678394917255,20:59:10.317680
1078,1000000,buy,2020-08-11,48.0,46.0,,1.0,,,5.0,1.0193540261309915,20:59:11.193646
1079,1500000,buy,2020-08-11,53.0,43.0,,1.0,,,3.0,1.0205964932372793,20:59:12.203653
1080,10000,sell,2020-08-11,100.0,,,,,,,1.0170207152405741,20:59:13.727004
1081,25000,sell,2020-08-11,100.0,,,,,,,1.0169677666698784,20:59:14.626714
1082,50000,sell,2020-08-11,98.0,,,,,,2.0,1.0168807621614455,20:59:15.918608
1083,100000,sell,2020-08-11,99.0,,,,,,1.0,1.016710398437351,20:59:16.602893
1084,200000,sell,2020-08-11,99.0,,,,,,1.0,1.0163717748557746,20:59:17.394639
1085,500000,sell,2020-08-11,75.0,21.0,,,,,4.0,1.0156179745026184,20:59:18.805690
1086,1000000,sell,2020-08-11,65.0,30.0,,1.0,,,4.0,1.014714917553812,20:59:19.487725
1087,1500000,sell,2020-08-11,62.0,34.0,,1.0,,,3.0,1.0139191841139699,20:59:20.808692
1088,10000,buy,2020-08-11,,100.0,,,,,,1.016424130854387,21:00:21.712670
1089,25000,buy,2020-08-11,,100.0,,,,,,1.0164944357593655,21:00:22.498414
1090,50000,buy,2020-08-11,,100.0,,,,,,1.016612946874634,21:00:23.334657
1091,100000,buy,2020-08-11,,100.0,,,,,,1.0168551085783515,21:00:24.641766
1092,200000,buy,2020-08-11,16.0,84.0,,,,,,1.0173142840720673,21:00:26.049680
1093,500000,buy,2020-08-11,42.0,57.0,,1.0,,,,1.018147724078333,21:00:27.336580
1094,1000000,buy,2020-08-11,48.0,46.0,,1.0,,,5.0,1.0193297408696533,21:00:28.805637
1095,1500000,buy,2020-08-11,53.0,43.0,,1.0,,,3.0,1.0205678667541982,21:00:29.743685
1096,10000,sell,2020-08-11,100.0,,,,,,,1.016974861314361,21:00:31.078729
1097,25000,sell,2020-08-11,100.0,,,,,,,1.0169220518368032,21:00:32.348700
1098,50000,sell,2020-08-11,98.0,,,,,,2.0,1.0168361784388507,21:00:33.678681
1099,100000,sell,2020-08-11,99.0,,,,,,1.0,1.0166658110310385,21:00:34.711723
1100,200000,sell,2020-08-11,99.0,,,,,,1.0,1.0163280613575056,21:00:35.545614
1101,500000,sell,2020-08-11,74.0,22.0,,,,,4.0,1.0155861525236582,21:00:36.282736
1102,1000000,sell,2020-08-11,65.0,31.0,,1.0,,,3.0,1.014676855831695,21:00:37.599516
1103,1500000,sell,2020-08-11,62.0,35.0,,1.0,,,2.0,1.0138738873839739,21:00:38.561264
1104,10000,buy,2020-08-11,,100.0,,,,,,1.0164241279961748,21:01:39.207858
1105,25000,buy,2020-08-11,,100.0,,,,,,1.0164944328800622,21:01:40.406749
1106,50000,buy,2020-08-11,,100.0,,,,,,1.0166129439596154,21:01:41.141052
1107,100000,buy,2020-08-11,,100.0,,,,,,1.0168551055897137,21:01:42.453874
1108,200000,buy,2020-08-11,16.0,84.0,,,,,,1.0173142814727638,21:01:43.264951
1109,500000,buy,2020-08-11,42.0,57.0,,1.0,,,,1.0181477222024058,21:01:44.068597
1110,1000000,buy,2020-08-11,49.0,46.0,,1.0,,,4.0,1.0193308017090488,21:01:45.209520
1111,1500000,buy,2020-08-11,53.0,43.0,,1.0,,,3.0,1.0205686485765955,21:01:46.563360
1112,10000,sell,2020-08-11,100.0,,,,,,,1.016974861314361,21:01:47.280939
1113,25000,sell,2020-08-11,100.0,,,,,,,1.0169220518368032,21:01:47.857841
1114,50000,sell,2020-08-11,98.0,,,,,,2.0,1.0168361784388507,21:01:49.115002
1115,100000,sell,2020-08-11,99.0,,,,,,1.0,1.0166658110310385,21:01:50.362292
1116,200000,sell,2020-08-11,99.0,,,,,,1.0,1.0163280613575056,21:01:51.876910
1117,500000,sell,2020-08-11,74.0,22.0,,,,,4.0,1.0155849508913035,21:01:53.086957
1118,1000000,sell,2020-08-11,65.0,30.0,,1.0,,,4.0,1.014687589819809,21:01:53.817878
1119,1500000,sell,2020-08-11,62.0,34.0,,1.0,,,3.0,1.0138906825928344,21:01:54.608887
1120,10000,buy,2020-08-11,,100.0,,,,,,1.016424126328422,21:02:55.494892
1121,25000,buy,2020-08-11,,100.0,,,,,,1.0164944312000046,21:02:56.312921
1122,50000,buy,2020-08-11,,100.0,,,,,,1.0166129420697323,21:02:57.632511
1123,100000,buy,2020-08-11,,100.0,,,,,,1.016855103652108,21:02:58.369396
1124,200000,buy,2020-08-11,16.0,84.0,,,,,,1.0173142797875798,21:02:59.118094
1125,500000,buy,2020-08-11,42.0,57.0,,1.0,,,,1.018147720986211,21:03:00.402577
1126,1000000,buy,2020-08-11,49.0,46.0,,1.0,,,4.0,1.0193308006283166,21:03:01.810924
1127,1500000,buy,2020-08-11,53.0,43.0,,1.0,,,3.0,1.0205686474512352,21:03:03.490426
1128,10000,sell,2020-08-11,100.0,,,,,,,1.016974861314361,21:03:04.797491
1129,25000,sell,2020-08-11,100.0,,,,,,,1.0169220518368032,21:03:05.938647
1130,50000,sell,2020-08-11,98.0,,,,,,2.0,1.0168361784388507,21:03:07.338383
1131,100000,sell,2020-08-11,99.0,,,,,,1.0,1.0166658110310385,21:03:08.317394
1132,200000,sell,2020-08-11,99.0,,,,,,1.0,1.0163280613575056,21:03:09.212613
1133,500000,sell,2020-08-11,75.0,23.0,,,,,2.0,1.0155791423702842,21:03:10.610342
1134,1000000,sell,2020-08-11,65.0,31.0,,1.0,,,3.0,1.0146659755061667,21:03:11.175204
1135,1500000,sell,2020-08-11,62.0,35.0,,1.0,,,2.0,1.0138666333413855,21:03:11.839748
1136,10000,buy,2020-08-11,,100.0,,,,,,1.0164241239995562,21:04:12.559180
1137,25000,buy,2020-08-11,,100.0,,,,,,1.016494428853957,21:04:13.289499
1138,50000,buy,2020-08-11,,100.0,,,,,,1.0166129398835768,21:04:14.161242
1139,100000,buy,2020-08-11,,100.0,,,,,,1.0168551014107514,21:04:15.452415
1140,200000,buy,2020-08-11,16.0,84.0,,,,,,1.0173142778382196,21:04:16.789690
1141,500000,buy,2020-08-11,42.0,57.0,,1.0,,,,1.0181477195793658,21:04:17.554384
1142,1000000,buy,2020-08-11,51.0,47.0,,1.0,,,1.0,1.0193496174719698,21:04:18.338736
1143,1500000,buy,2020-08-11,54.0,44.0,,1.0,,,1.0,1.0206386362577413,21:04:19.690336
1144,10000,sell,2020-08-11,100.0,,,,,,,1.016974861314361,21:04:20.353160
1145,25000,sell,2020-08-11,100.0,,,,,,,1.0169220518368032,21:04:21.630254
1146,50000,sell,2020-08-11,100.0,,,,,,,1.0168345711194273,21:04:23.043862
1147,100000,sell,2020-08-11,100.0,,,,,,,1.016661586036291,21:04:24.185001
1148,200000,sell,2020-08-11,93.0,,,,,,7.0,1.0163367843964757,21:04:24.935587
1149,500000,sell,2020-08-11,74.0,22.0,,,,,4.0,1.01560860650301,21:04:25.754271
1150,1000000,sell,2020-08-11,65.0,31.0,,1.0,,,3.0,1.014690260268748,21:04:27.047442
1151,1500000,sell,2020-08-11,62.0,35.0,,1.0,,,2.0,1.0138828230182122,21:04:28.505456
1152,10000,buy,2020-08-11,,100.0,,,,,,1.0164241223320125,21:05:29.696109
1153,25000,buy,2020-08-11,,100.0,,,,,,1.016494427174113,21:05:30.805905
1154,50000,buy,2020-08-11,,100.0,,,,,,1.0166129381829023,21:05:31.553828
1155,100000,buy,2020-08-11,,100.0,,,,,,1.016855099667141,21:05:32.128828
1156,200000,buy,2020-08-11,17.0,83.0,,,,,,1.0173115853267698,21:05:33.270488
1157,500000,buy,2020-08-11,42.0,57.0,,1.0,,,,1.0181404696357899,21:05:33.960551
1158,1000000,buy,2020-08-11,50.0,47.0,,1.0,,,2.0,1.0193321358550869,21:05:34.939446
1159,1500000,buy,2020-08-11,53.0,43.0,,1.0,,,3.0,1.0205826178020685,21:05:36.175732
1160,10000,sell,2020-08-11,87.0,,,,13.0,,,1.0176092065253357,21:05:36.813211
1161,25000,sell,2020-08-11,95.0,,,,5.0,,,1.0171704217731226,21:05:38.218664
1162,50000,sell,2020-08-11,95.0,,,,3.0,,2.0,1.0169568619986395,21:05:39.434232
1163,100000,sell,2020-08-11,98.0,,,,1.0,,1.0,1.0167171558132149,21:05:40.604547
1164,200000,sell,2020-08-11,92.0,,,,1.0,,7.0,1.0163630943773374,21:05:41.438180
1165,500000,sell,2020-08-11,74.0,22.0,,,,,4.0,1.0156034493195198,21:05:42.188376
1166,1000000,sell,2020-08-11,65.0,31.0,,1.0,,,3.0,1.0146849373058981,21:05:42.897096
1167,1500000,sell,2020-08-11,62.0,35.0,,1.0,,,2.0,1.0138771957236388,21:05:45.286610
1168,10000,buy,2020-08-11,,100.0,,,,,,1.0164241190465197,21:06:46.605435
1169,25000,buy,2020-08-11,,100.0,,,,,,1.0164944238662044,21:06:47.808431
1170,50000,buy,2020-08-11,,100.0,,,,,,1.0166129348370543,21:06:48.505926
1171,100000,buy,2020-08-11,,100.0,,,,,,1.01685509624317,21:06:49.101903
1172,200000,buy,2020-08-11,17.0,83.0,,,,,,1.0173115823945584,21:06:49.837871
1173,500000,buy,2020-08-11,42.0,57.0,,1.0,,,,1.018140467501706,21:06:51.163396
1174,1000000,buy,2020-08-11,50.0,47.0,,1.0,,,2.0,1.0193321339207995,21:06:52.542407
1175,1500000,buy,2020-08-11,53.0,43.0,,1.0,,,3.0,1.0205826158554867,21:06:54.042598
1176,10000,sell,2020-08-11,96.0,,,,4.0,,,1.0170296610484617,21:06:55.364875
1177,25000,sell,2020-08-11,98.0,,,,2.0,,,1.0169362216874336,21:06:55.997720
1178,50000,sell,2020-08-11,97.0,,,,1.0,,2.0,1.0168372362288753,21:06:56.735962
1179,100000,sell,2020-08-11,98.0,,,,1.0,,1.0,1.0166522526356543,21:06:57.971943
1180,200000,sell,2020-08-11,93.0,,,,,,7.0,1.0163265388276324,21:06:58.561010
1181,500000,sell,2020-08-11,74.0,22.0,,,,,4.0,1.01560344837422,21:06:59.264939
1182,1000000,sell,2020-08-11,65.0,31.0,,1.0,,,3.0,1.0146849360796404,21:07:00.019075
1183,1500000,sell,2020-08-11,62.0,34.0,,1.0,,,3.0,1.0138828902902157,21:07:01.350250
1184,10000,buy,2020-08-11,,100.0,,,,,,1.0164241157619547,21:08:02.591537
1185,25000,buy,2020-08-11,,100.0,,,,,,1.0164944205573894,21:08:03.526827
1186,50000,buy,2020-08-11,,100.0,,,,,,1.0166129314871737,21:08:04.937523
1187,100000,buy,2020-08-11,,100.0,,,,,,1.0168550928086426,21:08:05.482037
1188,200000,buy,2020-08-11,17.0,83.0,,,,,,1.0173115794459453,21:08:06.911222
1189,500000,buy,2020-08-11,42.0,57.0,,1.0,,,,1.0181404653458221,21:08:08.202344
1190,1000000,buy,2020-08-11,50.0,47.0,,1.0,,,2.0,1.0193345334324797,21:08:08.856680
1191,1500000,buy,2020-08-11,54.0,43.0,,1.0,,,2.0,1.0206034324422937,21:08:10.461786
1192,10000,sell,2020-08-11,99.0,,,,1.0,,,1.0169618370128968,21:08:11.711386
1193,25000,sell,2020-08-11,100.0,,,,,,,1.0169058129230346,21:08:12.803036
1194,50000,sell,2020-08-11,98.0,,,,,,2.0,1.0168203632279134,21:08:13.405843
1195,100000,sell,2020-08-11,99.0,,,,,,1.0,1.0166500390655246,21:08:14.684432
1196,200000,sell,2020-08-11,93.0,,,,,,7.0,1.0163265388276324,21:08:15.405201
1197,500000,sell,2020-08-11,74.0,22.0,,,,,4.0,1.015597103954899,21:08:16.234937
1198,1000000,sell,2020-08-11,65.0,31.0,,1.0,,,3.0,1.0146787785285942,21:08:16.865734
1199,1500000,sell,2020-08-11,62.0,34.0,,1.0,,,3.0,1.0138734693236293,21:08:17.438549
1200,10000,buy,2020-08-11,,100.0,,,,,,1.0164241155517166,21:09:18.731892
1201,25000,buy,2020-08-11,,100.0,,,,,,1.016494420345599,21:09:19.951097
1202,50000,buy,2020-08-11,,100.0,,,,,,1.0166129312727548,21:09:20.733926
1203,100000,buy,2020-08-11,,100.0,,,,,,1.016855092588806,21:09:21.395743
1204,200000,buy,2020-08-11,17.0,83.0,,,,,,1.0173115792572112,21:09:22.780188
1205,500000,buy,2020-08-11,42.0,57.0,,1.0,,,,1.0181404652078294,21:09:23.361110
1206,1000000,buy,2020-08-11,50.0,47.0,,1.0,,,2.0,1.0193345333064854,21:09:24.747439
1207,1500000,buy,2020-08-11,53.0,43.0,,1.0,,,3.0,1.0205857939342586,21:09:26.637623
1208,10000,sell,2020-08-11,99.0,,,,1.0,,,1.0169618370128968,21:09:28.490636
1209,25000,sell,2020-08-11,100.0,,,,,,,1.0169058129230346,21:09:30.131976
1210,50000,sell,2020-08-11,98.0,,,,,,2.0,1.0168203632279134,21:09:32.472599
1211,100000,sell,2020-08-11,99.0,,,,,,1.0,1.0166500390655246,21:09:33.969722
1212,200000,sell,2020-08-11,93.0,,,,,,7.0,1.0163265388276324,21:09:34.744426
1213,500000,sell,2020-08-11,75.0,21.0,,,,,4.0,1.0155890384470851,21:09:35.960016
1214,1000000,sell,2020-08-11,65.0,31.0,,1.0,,,3.0,1.014668632687523,21:09:37.174226
1215,1500000,sell,2020-08-11,62.0,34.0,,1.0,,,3.0,1.0138678991669803,21:09:37.891610
1216,10000,buy,2020-08-11,,100.0,,,,,,1.0163859134272342,21:10:38.553546
1217,25000,buy,2020-08-11,,100.0,,,,,,1.0164560660956192,21:10:39.820805
1218,50000,buy,2020-08-11,,100.0,,,,,,1.0165743206385285,21:10:41.043214
1219,100000,buy,2020-08-11,,100.0,,,,,,1.016815958270907,21:10:42.277436
1220,200000,buy,2020-08-11,15.0,85.0,,,,,,1.0172781290960968,21:10:43.935088
1221,500000,buy,2020-08-11,42.0,57.0,,1.0,,,,1.018116961344536,21:10:45.173850
1222,1000000,buy,2020-08-11,50.0,47.0,,1.0,,,2.0,1.0193140597359438,21:10:45.860460
1223,1500000,buy,2020-08-11,53.0,43.0,,1.0,,,3.0,1.0205660061116064,21:10:47.163908
1224,10000,sell,2020-08-11,96.0,,,,4.0,,,1.0170052239546026,21:10:48.916101
1225,25000,sell,2020-08-11,98.0,,,,2.0,,,1.016924001390933,21:10:50.025767
1226,50000,sell,2020-08-11,97.0,,,,1.0,,2.0,1.016831126080625,21:10:51.416640
1227,100000,sell,2020-08-11,99.0,,,,,,1.0,1.0166500390655246,21:10:52.521633
1228,200000,sell,2020-08-11,93.0,,,,,,7.0,1.0163265388276324,21:10:53.288667
1229,500000,sell,2020-08-11,75.0,22.0,,,,,3.0,1.0155889630119044,21:10:54.448397
1230,1000000,sell,2020-08-11,66.0,31.0,,1.0,,,2.0,1.0146556513842984,21:10:55.111566
1231,1500000,sell,2020-08-11,62.0,34.0,,1.0,,,3.0,1.013857716374239,21:10:55.842087
1232,10000,buy,2020-08-11,,100.0,,,,,,1.0163859110397133,21:11:56.532205
1233,25000,buy,2020-08-11,,100.0,,,,,,1.0164560636904718,21:11:57.191272
1234,50000,buy,2020-08-11,,100.0,,,,,,1.016574318203531,21:11:57.866954
1235,100000,buy,2020-08-11,,100.0,,,,,,1.016815955774381,21:11:58.505213
1236,200000,buy,2020-08-11,16.0,84.0,,,,,,1.0172766563486193,21:11:59.216893
1237,500000,buy,2020-08-11,42.0,57.0,,1.0,,,,1.01811294261443,21:12:00.464106
1238,1000000,buy,2020-08-11,50.0,47.0,,1.0,,,2.0,1.019308986223755,21:12:01.740201
1239,1500000,buy,2020-08-11,53.0,43.0,,1.0,,,3.0,1.020560287521056,21:12:02.437165
1240,10000,sell,2020-08-11,96.0,,,,4.0,,,1.016996431899741,21:12:03.381485
1241,25000,sell,2020-08-11,98.0,,,,2.0,,,1.0169150532067044,21:12:04.698770
1242,50000,sell,2020-08-11,97.0,,,,1.0,,2.0,1.0168223120588018,21:12:05.671753
1243,100000,sell,2020-08-11,99.0,,,,,,1.0,1.0166411343180601,21:12:07.112357
1244,200000,sell,2020-08-11,93.0,,,,,,7.0,1.0163183180625035,21:12:08.331249
1245,500000,sell,2020-08-11,75.0,22.0,,,,,3.0,1.0155825755416328,21:12:09.209003
1246,1000000,sell,2020-08-11,66.0,31.0,,1.0,,,2.0,1.0146503317169213,21:12:10.111191
1247,1500000,sell,2020-08-11,62.0,34.0,,1.0,,,3.0,1.0138529682586186,21:12:12.074256
1248,10000,buy,2020-08-11,,100.0,,,,,,1.0163859092288414,21:13:12.867205
1249,25000,buy,2020-08-11,,100.0,,,,,,1.0164560618662324,21:13:13.651467
1250,50000,buy,2020-08-11,,100.0,,,,,,1.0165743163566543,21:13:15.105574
1251,100000,buy,2020-08-11,,100.0,,,,,,1.0168159538808432,21:13:16.441328
1252,200000,buy,2020-08-11,16.0,84.0,,,,,,1.017276654701726,21:13:17.156199
1253,500000,buy,2020-08-11,42.0,57.0,,1.0,,,,1.018112941288018,21:13:18.611538
1254,1000000,buy,2020-08-11,50.0,47.0,,1.0,,,2.0,1.0193130803324848,21:13:19.903158
1255,1500000,buy,2020-08-11,53.0,43.0,,1.0,,,3.0,1.0205638872079816,21:13:21.151333
1256,10000,sell,2020-08-11,96.0,,,,4.0,,,1.016996431899741,21:13:21.905373
1257,25000,sell,2020-08-11,98.0,,,,2.0,,,1.0169150532067044,21:13:23.122223
1258,50000,sell,2020-08-11,97.0,,,,1.0,,2.0,1.0168223120588018,21:13:23.867098
1259,100000,sell,2020-08-11,99.0,,,,,,1.0,1.0166411343180601,21:13:24.527097
1260,200000,sell,2020-08-11,99.0,,,,,,1.0,1.0163028831605136,21:13:25.174642
1261,500000,sell,2020-08-11,76.0,23.0,,,,,1.0,1.0155435051899626,21:13:25.941396
1262,1000000,sell,2020-08-11,66.0,31.0,,1.0,,,2.0,1.0146217441955918,21:13:27.254144
1263,1500000,sell,2020-08-11,62.0,34.0,,1.0,,,3.0,1.0138285939155929,21:13:28.712368
1264,10000,buy,2020-08-11,,100.0,,,,,,1.0163859074442092,21:14:30.005782
1265,25000,buy,2020-08-11,,100.0,,,,,,1.016456060068426,21:14:30.806523
1266,50000,buy,2020-08-11,,100.0,,,,,,1.0165743145365391,21:14:31.623643
1267,100000,buy,2020-08-11,,100.0,,,,,,1.0168159520147428,21:14:32.416909
1268,200000,buy,2020-08-11,16.0,84.0,,,,,,1.017276653078696,21:14:33.247789
1269,500000,buy,2020-08-11,42.0,57.0,,1.0,,,,1.0181129402544389,21:14:33.992004
1270,1000000,buy,2020-08-11,49.0,46.0,,1.0,,,4.0,1.0192960391118422,21:14:35.185362
1271,1500000,buy,2020-08-11,53.0,43.0,,1.0,,,3.0,1.0205336990661236,21:14:35.906792
1272,10000,sell,2020-08-11,65.0,,,,,35.0,,1.0173192564046594,21:14:37.363972
1273,25000,sell,2020-08-11,85.0,,,,,15.0,,1.0170599213205078,21:14:38.596326
1274,50000,sell,2020-08-11,90.0,,,,,8.0,2.0,1.0169059760095736,21:14:39.327482
1275,100000,sell,2020-08-11,94.0,,,,,5.0,1.0,1.0167025744027085,21:14:40.627775
1276,200000,sell,2020-08-11,96.0,,,,,3.0,1.0,1.0163505677982696,21:14:41.976800
1277,500000,sell,2020-08-11,75.0,22.0,,,,2.0,1.0,1.0155769112961381,21:14:42.731982
1278,1000000,sell,2020-08-11,65.0,31.0,,1.0,,1.0,2.0,1.0146556837051506,21:14:44.227261
1279,1500000,sell,2020-08-11,61.0,34.0,,1.0,,1.0,3.0,1.0138664383228086,21:14:45.399104
1280,10000,buy,2020-08-11,,98.0,,,2.0,,,1.0163769214082174,21:15:46.853966
1281,25000,buy,2020-08-11,,99.0,,,1.0,,,1.0164519354710473,21:15:48.572939
1282,50000,buy,2020-08-11,,100.0,,,,,,1.0165743143759356,21:15:49.425173
1283,100000,buy,2020-08-11,,100.0,,,,,,1.0168159518500823,21:15:50.723258
1284,200000,buy,2020-08-11,16.0,84.0,,,,,,1.0172766529354835,21:15:51.624764
1285,500000,buy,2020-08-11,42.0,57.0,,1.0,,,,1.0181129401510784,21:15:52.618096
1286,1000000,buy,2020-08-11,49.0,46.0,,1.0,,,4.0,1.0192960390199899,21:15:55.438138
1287,1500000,buy,2020-08-11,53.0,43.0,,1.0,,,3.0,1.0205336989704725,21:15:57.988794
1288,10000,sell,2020-08-11,65.0,,,,,35.0,,1.0173192564046594,21:15:59.419403
1289,25000,sell,2020-08-11,85.0,,,,,15.0,,1.0170599213205078,21:16:00.815191
1290,50000,sell,2020-08-11,90.0,,,,,8.0,2.0,1.0169059760095736,21:16:02.223249
1291,100000,sell,2020-08-11,94.0,,,,,5.0,1.0,1.0167025744027085,21:16:06.914229
1292,200000,sell,2020-08-11,96.0,,,,,3.0,1.0,1.0163505677982696,21:16:08.510498
1293,500000,sell,2020-08-11,75.0,22.0,,,,2.0,1.0,1.0155769112635031,21:16:09.374592
1294,1000000,sell,2020-08-11,65.0,30.0,,1.0,,1.0,3.0,1.0146669342444166,21:16:10.916576
