,amount,buy_or_sell,date,liquidity_curve_susd,liquidity_curvefi,liquidity_kyber,liquidity_oasis,liquidity_uniswap,liquidity_uniswap_v2,liquidity_zero_x,price,time
0,10000,buy,2020-08-10,70.0,,,,,,30.0,1.0230761653304126,12:29:05.123656
1,25000,buy,2020-08-10,88.0,,,,,,12.0,1.0236615201436425,12:29:06.445943
2,50000,buy,2020-08-10,93.0,1.0,,,,,6.0,1.0239611657547334,12:29:07.688864
3,100000,buy,2020-08-10,75.0,22.0,,,,,3.0,1.0242482698887736,12:29:09.159624
4,200000,buy,2020-08-10,66.0,33.0,,,,,1.0,1.024630115378403,12:29:10.604387
5,500000,buy,2020-08-10,61.0,39.0,,,,,,1.0256490602232893,12:29:11.962328
6,1000000,buy,2020-08-10,59.0,41.0,,,,,,1.0273932582543535,12:29:12.974582
7,1500000,buy,2020-08-10,59.0,41.0,,,,,,1.0293604734220592,12:29:14.183272
8,10000,sell,2020-08-10,,,100.0,,,,,1.034056525871817,12:29:15.139827
9,25000,sell,2020-08-10,,,97.0,,,3.0,,1.0260051492078492,12:29:15.762907
10,50000,sell,2020-08-10,13.0,80.0,,,5.0,2.0,,1.0237226980557401,12:29:16.543869
11,100000,sell,2020-08-10,32.0,60.0,,,2.0,6.0,,1.0233361162235894,12:29:18.050897
12,200000,sell,2020-08-10,44.0,52.0,,,1.0,3.0,,1.0228972012097717,12:29:19.350526
13,500000,sell,2020-08-10,50.0,47.0,,,1.0,2.0,,1.0219549473474603,12:29:20.642196
14,1000000,sell,2020-08-10,52.0,46.0,,,,2.0,,1.0206758360962707,12:29:22.047540
15,1500000,sell,2020-08-10,55.0,44.0,,,,1.0,,1.0197367585980766,12:29:23.400412
16,10000,buy,2020-08-10,70.0,,,,,,30.0,1.023547538448534,12:30:24.936243
17,25000,buy,2020-08-10,88.0,,,,,,12.0,1.0242571822669666,12:30:25.868944
18,50000,buy,2020-08-10,86.0,8.0,,,,,6.0,1.024597728811912,12:30:26.617706
19,100000,buy,2020-08-10,71.0,26.0,,,,,3.0,1.0248952410958003,12:30:27.963274
20,200000,buy,2020-08-10,64.0,35.0,,,,,1.0,1.0252941794537778,12:30:29.330836
21,500000,buy,2020-08-10,60.0,40.0,,,,,,1.0263511601148054,12:30:30.063599
22,1000000,buy,2020-08-10,59.0,41.0,,,,,,1.0281612737435328,12:30:31.394174
23,1500000,buy,2020-08-10,58.0,41.0,,1.0,,,,1.0302030478212036,12:30:32.067957
24,10000,sell,2020-08-10,,91.0,,,,9.0,,1.024547492051835,12:30:33.438518
25,25000,sell,2020-08-10,,96.0,,,,4.0,,1.0241716575719821,12:30:34.218267
26,50000,sell,2020-08-10,23.0,75.0,,,,2.0,,1.0239395241178646,12:30:35.588827
27,100000,sell,2020-08-10,40.0,59.0,,,,1.0,,1.0237077610476062,12:30:36.946392
28,200000,sell,2020-08-10,47.0,51.0,,,,2.0,,1.0233509756159314,12:30:37.631173
29,500000,sell,2020-08-10,52.0,47.0,,,,1.0,,1.0224866463332078,12:30:38.926758
30,1000000,sell,2020-08-10,53.0,46.0,,,,1.0,,1.0211752651143935,12:30:40.495255
31,1500000,sell,2020-08-10,54.0,45.0,,,,1.0,,1.0199922320100319,12:30:42.034761
32,10000,buy,2020-08-10,,,100.0,,,,,0.9966349115647953,12:31:42.769578
33,25000,buy,2020-08-10,,,100.0,,,,,0.9974328578510795,12:31:43.402717
34,50000,buy,2020-08-10,,,100.0,,,,,0.9981321097293946,12:31:44.632206
35,100000,buy,2020-08-10,18.0,77.0,,,4.0,,1.0,1.0224225735117163,12:31:46.130096
36,200000,buy,2020-08-10,37.0,60.0,,,2.0,,1.0,1.022983067242721,12:31:46.989996
37,500000,buy,2020-08-10,49.0,50.0,,,1.0,,,1.0240512731433562,12:31:48.307867
38,1000000,buy,2020-08-10,53.0,47.0,,,,,,1.0257639157359295,12:31:49.118338
39,1500000,buy,2020-08-10,55.0,45.0,,,,,,1.0275721230701196,12:31:50.380296
40,10000,sell,2020-08-10,,,89.0,,,11.0,,1.0234320742565284,12:31:50.902033
41,25000,sell,2020-08-10,95.0,,,,,5.0,,1.0224063591301653,12:31:51.792009
42,50000,sell,2020-08-10,98.0,,,,,2.0,,1.022153309738618,12:31:53.102721
43,100000,sell,2020-08-10,89.0,10.0,,,,1.0,,1.0218540636055693,12:31:54.440751
44,200000,sell,2020-08-10,72.0,27.0,,,,1.0,,1.021474724937468,12:31:55.704752
45,500000,sell,2020-08-10,62.0,38.0,,,,,,1.0206393740899413,12:31:56.632203
46,1000000,sell,2020-08-10,58.0,42.0,,,,,,1.0194451307173678,12:31:57.233883
47,1500000,sell,2020-08-10,57.0,43.0,,,,,,1.0183717438749653,12:31:57.983416
48,10000,buy,2020-08-10,,,100.0,,,,,1.0016291395779178,12:32:58.885319
49,25000,buy,2020-08-10,,,100.0,,,,,1.005191808680424,12:33:00.054887
50,50000,buy,2020-08-10,,,100.0,,,,,1.0105088659854162,12:33:00.796040
51,100000,buy,2020-08-10,18.0,76.0,,,4.0,,2.0,1.0223952940806684,12:33:01.560076
52,200000,buy,2020-08-10,37.0,60.0,,,2.0,,1.0,1.0229692295897932,12:33:02.804110
53,500000,buy,2020-08-10,49.0,50.0,,,1.0,,,1.0240512726655413,12:33:04.787332
54,1000000,buy,2020-08-10,53.0,47.0,,,,,,1.0257639152324813,12:33:06.384284
55,1500000,buy,2020-08-10,54.0,45.0,,,,1.0,,1.0275622478196382,12:33:07.063414
56,10000,sell,2020-08-10,,,100.0,,,,,1.0350110693068417,12:33:08.670466
57,25000,sell,2020-08-10,,,100.0,,,,,1.03254989782963,12:33:09.999086
58,50000,sell,2020-08-10,,,100.0,,,,,1.0276814872228883,12:33:10.734117
59,100000,sell,2020-08-10,73.0,26.0,,,,1.0,,1.0215181135765123,12:33:11.442446
60,200000,sell,2020-08-10,64.0,36.0,,,,,,1.0212030117448745,12:33:12.400139
61,500000,sell,2020-08-10,59.0,41.0,,,,,,1.0204317182881122,12:33:14.004626
62,1000000,sell,2020-08-10,57.0,43.0,,,,,,1.019260779650232,12:33:14.710399
63,1500000,sell,2020-08-10,56.0,44.0,,,,,,1.018202413824392,12:33:16.199921
64,10000,buy,2020-08-10,,,98.0,,,2.0,,1.0159474603739966,13:08:14.618118
65,25000,buy,2020-08-10,69.0,,,,2.0,5.0,24.0,1.0247840441304086,13:08:15.331886
66,50000,buy,2020-08-10,63.0,21.0,,,1.0,3.0,12.0,1.0256929988173331,13:08:16.101640
67,100000,buy,2020-08-10,60.0,32.0,,,1.0,1.0,6.0,1.0262784545518895,13:08:17.600160
68,200000,buy,2020-08-10,59.0,37.0,,,,1.0,3.0,1.026836589772592,13:08:18.578389
69,500000,buy,2020-08-10,58.0,41.0,,,,,1.0,1.0280749269475307,13:08:19.836055
70,1000000,buy,2020-08-10,57.0,41.0,,2.0,,,,1.0301277410070968,13:08:20.631024
71,1500000,buy,2020-08-10,57.0,41.0,,2.0,,,,1.0323525040336936,13:08:21.414177
72,10000,sell,2020-08-10,,,100.0,,,,,1.0739646732298358,13:08:22.714192
73,25000,sell,2020-08-10,,,100.0,,,,,1.0674359594468839,13:08:24.064035
74,50000,sell,2020-08-10,,,100.0,,,,,1.0553494249379938,13:08:25.358586
75,100000,sell,2020-08-10,41.0,43.0,,,,16.0,,1.0259748802077129,13:08:26.679474
76,200000,sell,2020-08-10,49.0,43.0,,,,8.0,,1.0253251243227923,13:08:27.914077
77,500000,sell,2020-08-10,53.0,43.0,,,,4.0,,1.0241896821375234,13:08:29.210488
78,1000000,sell,2020-08-10,54.0,44.0,,,,2.0,,1.022678696020329,13:08:31.364742
79,1500000,sell,2020-08-10,54.0,44.0,,,,2.0,,1.0213653416317574,13:08:32.856829
80,10000,buy,2020-08-10,,,100.0,,,,,1.009639123111411,13:09:08.269926
81,25000,buy,2020-08-10,,,99.0,,,1.0,,1.01748627587311,13:09:09.144042
82,50000,buy,2020-08-10,70.0,,,,1.0,18.0,11.0,1.025459376291746,13:09:10.373286
83,100000,buy,2020-08-10,85.0,,,,,10.0,5.0,1.0262628568141419,13:09:11.520231
84,200000,buy,2020-08-10,71.0,20.0,,,,6.0,3.0,1.026980278748645,13:09:12.362386
85,500000,buy,2020-08-10,62.0,32.0,,2.0,,3.0,1.0,1.0282896216569046,13:09:13.095136
86,1000000,buy,2020-08-10,59.0,37.0,,2.0,,2.0,,1.030390111612138,13:09:13.745718
87,1500000,buy,2020-08-10,58.0,38.0,,2.0,,2.0,,1.032621332068498,13:09:15.431627
88,10000,sell,2020-08-10,,100.0,,,,,,1.0264789139242274,13:09:16.882128
89,25000,sell,2020-08-10,,100.0,,,,,,1.0263537298533219,13:09:17.739740
90,50000,sell,2020-08-10,,100.0,,,,,,1.0261476473385076,13:09:19.586145
91,100000,sell,2020-08-10,19.0,81.0,,,,,,1.0257967739486014,13:09:20.475965
92,200000,sell,2020-08-10,38.0,62.0,,,,,,1.0253582070853795,13:09:21.791663
93,500000,sell,2020-08-10,49.0,51.0,,,,,,1.0243308026401525,13:09:23.207643
94,1000000,sell,2020-08-10,53.0,47.0,,,,,,1.0228379906164826,13:09:23.935963
95,1500000,sell,2020-08-10,53.0,47.0,,,,,,1.0215092404703963,13:09:24.692201
96,10000,buy,2020-08-10,,,100.0,,,,,1.0168008370960082,13:09:44.233109
97,25000,buy,2020-08-10,,,87.0,,,1.0,12.0,1.0209540452214876,13:09:44.988157
98,50000,buy,2020-08-10,88.0,,,,,2.0,10.0,1.0256843191162452,13:09:45.804070
99,100000,buy,2020-08-10,85.0,9.0,,,,1.0,5.0,1.0262324649781394,13:09:47.097362
100,200000,buy,2020-08-10,72.0,26.0,,,,,2.0,1.0268319699035588,13:09:47.901070
101,500000,buy,2020-08-10,63.0,36.0,,,,,1.0,1.028014142337969,13:09:49.274838
102,1000000,buy,2020-08-10,59.0,38.0,,2.0,,1.0,,1.0300546963947874,13:09:49.969253
103,1500000,buy,2020-08-10,58.0,39.0,,2.0,,1.0,,1.0322407473247277,13:09:50.821972
104,10000,sell,2020-08-10,,100.0,,,,,,1.0259529744657911,13:09:51.485869
105,25000,sell,2020-08-10,,100.0,,,,,,1.0258314286405235,13:09:52.848057
106,50000,sell,2020-08-10,,100.0,,,,,,1.0256313113875233,13:09:53.507026
107,100000,sell,2020-08-10,26.0,74.0,,,,,,1.0253319655248834,13:09:54.866375
108,200000,sell,2020-08-10,41.0,59.0,,,,,,1.0249351797516162,13:09:56.019505
109,500000,sell,2020-08-10,50.0,50.0,,,,,,1.0239489743813728,13:09:57.257245
110,1000000,sell,2020-08-10,53.0,47.0,,,,,,1.0224936970635974,13:09:58.630792
111,1500000,sell,2020-08-10,54.0,46.0,,,,,,1.0211933111564149,13:09:59.327631
112,10000,buy,2020-08-10,,,41.0,,,50.0,9.0,1.0200675770650578,13:10:34.644641
113,25000,buy,2020-08-10,,57.0,,,2.0,38.0,3.0,1.0221751978099824,13:10:36.134969
114,50000,buy,2020-08-10,26.0,53.0,,,1.0,19.0,1.0,1.0228308963852444,13:10:37.623406
115,100000,buy,2020-08-10,41.0,48.0,,,1.0,10.0,,1.023273876183042,13:10:38.432096
116,200000,buy,2020-08-10,48.0,46.0,,,,6.0,,1.0236959031250028,13:10:39.825404
117,500000,buy,2020-08-10,53.0,44.0,,,,3.0,,1.0246747650038315,13:10:41.050764
118,1000000,buy,2020-08-10,55.0,43.0,,,,2.0,,1.026345712334256,13:10:42.346596
119,1500000,buy,2020-08-10,55.0,42.0,,1.0,,2.0,,1.028176237426068,13:10:43.010947
120,10000,sell,2020-08-10,100.0,,,,,,,1.0225299386221678,13:10:43.869547
121,25000,sell,2020-08-10,93.0,7.0,,,,,,1.0224547466262373,13:10:44.686772
122,50000,sell,2020-08-10,74.0,26.0,,,,,,1.0223638163000384,13:10:46.287594
123,100000,sell,2020-08-10,65.0,35.0,,,,,,1.0222122471410173,13:10:47.184486
124,200000,sell,2020-08-10,61.0,39.0,,,,,,1.0219283482514763,13:10:48.081848
125,500000,sell,2020-08-10,58.0,42.0,,,,,,1.0211241067828951,13:10:49.065945
126,1000000,sell,2020-08-10,56.0,44.0,,,,,,1.0198957757427691,13:10:50.297940
127,1500000,sell,2020-08-10,56.0,44.0,,,,,,1.0187862770723528,13:10:51.021892
128,10000,buy,2020-08-10,,,52.0,,,48.0,,1.0196354393524099,13:11:11.505982
129,25000,buy,2020-08-10,,55.0,,,2.0,40.0,3.0,1.0220191933437532,13:11:12.779721
130,50000,buy,2020-08-10,25.0,52.0,,,1.0,21.0,1.0,1.0227505147624871,13:11:13.447684
131,100000,buy,2020-08-10,40.0,48.0,,,1.0,11.0,,1.0232320171025588,13:11:14.258989
132,200000,buy,2020-08-10,48.0,46.0,,,,6.0,,1.0236715266456577,13:11:16.254943
133,500000,buy,2020-08-10,53.0,44.0,,,,3.0,,1.0246625199929438,13:11:17.412713
134,1000000,buy,2020-08-10,55.0,43.0,,,,2.0,,1.0263374978409703,13:11:19.018592
135,1500000,buy,2020-08-10,55.0,42.0,,1.0,,2.0,,1.0281680113598533,13:11:20.281704
136,10000,sell,2020-08-10,100.0,,,,,,,1.0225298041929418,13:11:21.427141
137,25000,sell,2020-08-10,93.0,7.0,,,,,,1.0224546218959412,13:11:22.574986
138,50000,sell,2020-08-10,74.0,26.0,,,,,,1.0223637167379407,13:11:23.420220
139,100000,sell,2020-08-10,65.0,35.0,,,,,,1.0222121600471217,13:11:24.188101
140,200000,sell,2020-08-10,61.0,39.0,,,,,,1.0219282678181074,13:11:25.042866
141,500000,sell,2020-08-10,58.0,42.0,,,,,,1.0211240341818353,13:11:25.815287
142,1000000,sell,2020-08-10,56.0,44.0,,,,,,1.0198957753989881,13:11:27.176954
143,1500000,sell,2020-08-10,56.0,44.0,,,,,,1.0187862765955442,13:11:28.325515
144,10000,buy,2020-08-10,,,55.0,,,45.0,,1.0180162275916516,13:12:03.664146
145,25000,buy,2020-08-10,,,49.0,,,43.0,8.0,1.02068596940983,13:12:04.867693
146,50000,buy,2020-08-10,39.0,30.0,,,1.0,24.0,6.0,1.0223023472185795,13:12:06.321336
147,100000,buy,2020-08-10,47.0,36.0,,,1.0,13.0,3.0,1.0229197067982514,13:12:07.184476
148,200000,buy,2020-08-10,52.0,40.0,,,,7.0,1.0,1.023442922361225,13:12:08.544426
149,500000,buy,2020-08-10,55.0,42.0,,,,3.0,,1.0245025376310297,13:12:09.861066
150,1000000,buy,2020-08-10,56.0,42.0,,,,2.0,,1.0261729612484178,13:12:10.442835
151,1500000,buy,2020-08-10,56.0,41.0,,1.0,,2.0,,1.0279892701736304,13:12:11.642042
152,10000,sell,2020-08-10,58.0,42.0,,,,,,1.022341466223709,13:12:12.472394
153,25000,sell,2020-08-10,57.0,43.0,,,,,,1.0222986982711022,13:12:13.074547
154,50000,sell,2020-08-10,57.0,43.0,,,,,,1.0222277453211202,13:12:14.283957
155,100000,sell,2020-08-10,56.0,44.0,,,,,,1.0220870426128488,13:12:14.889023
156,200000,sell,2020-08-10,56.0,44.0,,,,,,1.0218103194289545,13:12:16.178075
157,500000,sell,2020-08-10,56.0,44.0,,,,,,1.0210155831398338,13:12:17.310964
158,1000000,sell,2020-08-10,56.0,44.0,,,,,,1.019797939527706,13:12:18.025881
159,1500000,sell,2020-08-10,55.0,45.0,,,,,,1.0186975574791,13:12:19.402999
160,10000,buy,2020-08-10,,,87.0,,,13.0,,1.0173487286212057,13:12:38.594174
161,25000,buy,2020-08-10,,,62.0,,,30.0,8.0,1.020250872315213,13:12:39.232107
162,50000,buy,2020-08-10,39.0,31.0,,,1.0,23.0,6.0,1.0223773944726338,13:12:39.891177
163,100000,buy,2020-08-10,48.0,37.0,,,,12.0,3.0,1.022958024973952,13:12:40.584901
164,200000,buy,2020-08-10,53.0,41.0,,,,5.0,1.0,1.0235662547868178,13:12:41.242889
165,500000,buy,2020-08-10,55.0,42.0,,,,3.0,,1.02456466619084,13:12:41.946215
166,1000000,buy,2020-08-10,56.0,42.0,,,,2.0,,1.0262141794372637,13:12:42.687878
167,1500000,buy,2020-08-10,56.0,41.0,,1.0,,2.0,,1.0280304070941817,13:12:44.230070
168,10000,sell,2020-08-10,58.0,42.0,,,,,,1.022340954811199,13:12:44.999682
169,25000,sell,2020-08-10,57.0,43.0,,,,,,1.022298176233196,13:12:46.188759
170,50000,sell,2020-08-10,57.0,43.0,,,,,,1.0222272257185703,13:12:48.051074
171,100000,sell,2020-08-10,56.0,44.0,,,,,,1.0220865160765253,13:12:49.452681
172,200000,sell,2020-08-10,56.0,44.0,,,,,,1.0218098027133833,13:12:50.381899
173,500000,sell,2020-08-10,56.0,44.0,,,,,,1.021015094030805,13:12:51.182501
174,1000000,sell,2020-08-10,56.0,44.0,,,,,,1.019797491012113,13:12:51.900455
175,1500000,sell,2020-08-10,55.0,45.0,,,,,,1.0186971367876627,13:12:53.272930
176,10000,buy,2020-08-10,,,100.0,,,,,1.01873058658252,13:13:25.993938
177,25000,buy,2020-08-10,65.0,,,,1.0,26.0,8.0,1.0215707705105133,13:13:26.825792
178,50000,buy,2020-08-10,81.0,,,,1.0,14.0,4.0,1.0220051467809865,13:13:28.065857
179,100000,buy,2020-08-10,90.0,,,,,8.0,2.0,1.0223999163660646,13:13:28.663724
180,200000,buy,2020-08-10,77.0,18.0,,,,4.0,1.0,1.022886154149117,13:13:30.119009
181,500000,buy,2020-08-10,65.0,33.0,,,,2.0,,1.023900914408936,13:13:30.905748
182,1000000,buy,2020-08-10,60.0,38.0,,,,2.0,,1.025509807250258,13:13:31.795599
183,1500000,buy,2020-08-10,59.0,38.0,,1.0,,2.0,,1.0272738588080157,13:13:33.329743
184,10000,sell,2020-08-10,,100.0,,,,,,1.022301658321662,13:13:34.596971
185,25000,sell,2020-08-10,,100.0,,,,,,1.0222043054010623,13:13:35.221034
186,50000,sell,2020-08-10,,100.0,,,,,,1.0220438810059231,13:13:35.972914
187,100000,sell,2020-08-10,11.0,89.0,,,,,,1.0217428244422542,13:13:36.779262
188,200000,sell,2020-08-10,34.0,66.0,,,,,,1.0213610474633061,13:13:37.516469
189,500000,sell,2020-08-10,47.0,53.0,,,,,,1.0205253442094504,13:13:38.646864
190,1000000,sell,2020-08-10,51.0,49.0,,,,,,1.0193265098140338,13:13:39.403040
191,1500000,sell,2020-08-10,52.0,48.0,,,,,,1.018254602039883,13:13:40.802120
192,10000,buy,2020-08-10,,,100.0,,,,,1.0184107137545373,13:13:57.794023
193,25000,buy,2020-08-10,,,68.0,,,24.0,8.0,1.0214177318555633,13:13:58.706926
194,50000,buy,2020-08-10,81.0,,,,1.0,14.0,4.0,1.0220051467809865,13:13:59.534002
195,100000,buy,2020-08-10,90.0,,,,,8.0,2.0,1.0223999163660646,13:14:00.773844
196,200000,buy,2020-08-10,77.0,18.0,,,,4.0,1.0,1.0228861540757261,13:14:01.997033
197,500000,buy,2020-08-10,65.0,33.0,,,,2.0,,1.0239009143452242,13:14:03.037873
198,1000000,buy,2020-08-10,60.0,38.0,,,,2.0,,1.0255098071683004,13:14:04.146842
199,1500000,buy,2020-08-10,59.0,38.0,,1.0,,2.0,,1.0272738588080157,13:14:05.528670
200,10000,sell,2020-08-10,,100.0,,,,,,1.022301658321662,13:14:07.043828
201,25000,sell,2020-08-10,,100.0,,,,,,1.0222043054010623,13:14:08.444881
202,50000,sell,2020-08-10,,100.0,,,,,,1.0220438810059231,13:14:09.005833
203,100000,sell,2020-08-10,11.0,89.0,,,,,,1.0217428244042872,13:14:10.201626
204,200000,sell,2020-08-10,34.0,66.0,,,,,,1.0213610474357202,13:14:11.064896
205,500000,sell,2020-08-10,47.0,53.0,,,,,,1.02052534418862,13:14:11.697789
206,1000000,sell,2020-08-10,51.0,49.0,,,,,,1.019326509796586,13:14:12.391021
207,1500000,sell,2020-08-10,52.0,48.0,,,,,,1.018254602024335,13:14:13.338721
208,10000,buy,2020-08-10,,,100.0,,,,,1.0183733921138192,13:14:48.530221
209,25000,buy,2020-08-10,60.0,,,,10.0,22.0,8.0,1.0208281065037135,13:14:49.930868
210,50000,buy,2020-08-10,79.0,,,,5.0,12.0,4.0,1.0216246060568515,13:14:50.526212
211,100000,buy,2020-08-10,88.0,,,,3.0,7.0,2.0,1.0222009990342147,13:14:51.309870
212,200000,buy,2020-08-10,76.0,18.0,,,1.0,4.0,1.0,1.0227896482997096,13:14:52.672618
213,500000,buy,2020-08-10,64.0,33.0,,,1.0,2.0,,1.0238716889007717,13:14:53.412408
214,1000000,buy,2020-08-10,60.0,38.0,,,,2.0,,1.025520674197188,13:14:54.733237
215,1500000,buy,2020-08-10,59.0,38.0,,1.0,,2.0,,1.027284733624672,13:14:55.986613
216,10000,sell,2020-08-10,,100.0,,,,,,1.0223016529217428,13:14:56.801937
217,25000,sell,2020-08-10,,100.0,,,,,,1.0222042966924432,13:14:58.027945
218,50000,sell,2020-08-10,,100.0,,,,,,1.022043866907219,13:14:59.755314
219,100000,sell,2020-08-10,11.0,89.0,,,,,,1.021742804678088,13:15:00.547988
220,200000,sell,2020-08-10,34.0,66.0,,,,,,1.0213610271740887,13:15:01.925970
221,500000,sell,2020-08-10,47.0,53.0,,,,,,1.0205253152320155,13:15:03.228805
222,1000000,sell,2020-08-10,51.0,49.0,,,,,,1.0193264667234871,13:15:05.168136
223,1500000,sell,2020-08-10,52.0,48.0,,,,,,1.0182545470871605,13:15:06.776831
224,10000,buy,2020-08-10,,,100.0,,,,,1.0184488648070396,13:15:25.228286
225,25000,buy,2020-08-10,62.0,,,,10.0,20.0,8.0,1.0208951175511067,13:15:26.481411
226,50000,buy,2020-08-10,80.0,,,,5.0,11.0,4.0,1.0216607256587038,13:15:27.812072
227,100000,buy,2020-08-10,89.0,,,,3.0,6.0,2.0,1.0222217933323046,13:15:29.234307
228,200000,buy,2020-08-10,76.0,18.0,,,1.0,4.0,1.0,1.0228022941161694,13:15:29.998393
229,500000,buy,2020-08-10,64.0,33.0,,,1.0,2.0,,1.0238781058922328,13:15:30.698472
230,1000000,buy,2020-08-10,60.0,38.0,,,,2.0,,1.0255271078981272,13:15:31.868567
231,1500000,buy,2020-08-10,59.0,38.0,,1.0,,2.0,,1.0272911675092846,13:15:33.296615
232,10000,sell,2020-08-10,,100.0,,,,,,1.022301993589341,13:15:33.951082
233,25000,sell,2020-08-10,,100.0,,,,,,1.022204635927852,13:15:35.183450
234,50000,sell,2020-08-10,,100.0,,,,,,1.0220442037825845,13:15:36.407550
235,100000,sell,2020-08-10,11.0,89.0,,,,,,1.0217431012790055,13:15:37.559649
236,200000,sell,2020-08-10,34.0,66.0,,,,,,1.0213612445535687,13:15:38.414075
237,500000,sell,2020-08-10,47.0,53.0,,,,,,1.0205254837057205,13:15:39.301584
238,1000000,sell,2020-08-10,51.0,49.0,,,,,,1.0193266138152977,13:15:40.328748
239,1500000,sell,2020-08-10,52.0,48.0,,,,,,1.01825468343605,13:15:41.394855
240,10000,buy,2020-08-10,,,100.0,,,,,1.0183482409908597,13:16:18.162072
241,25000,buy,2020-08-10,68.0,,,,10.0,18.0,4.0,1.0211550077993061,13:16:19.187350
242,50000,buy,2020-08-10,83.0,,,,5.0,10.0,2.0,1.0217982908711347,13:16:20.273155
243,100000,buy,2020-08-10,90.0,,,,3.0,6.0,1.0,1.0223041403351978,13:16:21.587791
244,200000,buy,2020-08-10,77.0,18.0,,,1.0,3.0,1.0,1.0228410719553915,13:16:22.873939
245,500000,buy,2020-08-10,64.0,33.0,,,1.0,2.0,,1.023897160999871,13:16:24.099617
246,1000000,buy,2020-08-10,60.0,38.0,,,,2.0,,1.0255338331435238,13:16:24.772297
247,1500000,buy,2020-08-10,59.0,38.0,,1.0,,2.0,,1.0272978783749496,13:16:25.369429
248,10000,sell,2020-08-10,,100.0,,,,,,1.0223019914619198,13:16:26.684766
249,25000,sell,2020-08-10,,100.0,,,,,,1.0222046328040564,13:16:27.881257
250,50000,sell,2020-08-10,,100.0,,,,,,1.022044200696535,13:16:28.593403
251,100000,sell,2020-08-10,9.0,91.0,,,,,,1.021739202022122,13:16:29.704757
252,200000,sell,2020-08-10,33.0,67.0,,,,,,1.0213487243016077,13:16:30.366436
253,500000,sell,2020-08-10,46.0,54.0,,,,,,1.0205085083508363,13:16:31.644735
254,1000000,sell,2020-08-10,51.0,49.0,,,,,,1.019309440493487,13:16:32.669288
255,1500000,sell,2020-08-10,52.0,48.0,,,,,,1.0182383121166285,13:16:33.501770
256,10000,buy,2020-08-10,62.0,,,,24.0,4.0,10.0,1.0199567117173318,13:16:50.627886
257,25000,buy,2020-08-10,85.0,,,,10.0,1.0,4.0,1.0213380079246543,13:16:51.899959
258,50000,buy,2020-08-10,92.0,,,,5.0,1.0,2.0,1.0218905267842304,13:16:52.648386
259,100000,buy,2020-08-10,96.0,,,,3.0,,1.0,1.0223631204655046,13:16:53.445340
260,200000,buy,2020-08-10,79.0,18.0,,,1.0,1.0,1.0,1.022876247104515,13:16:54.628548
261,500000,buy,2020-08-10,65.0,33.0,,,1.0,1.0,,1.023917434489024,13:16:55.325701
262,1000000,buy,2020-08-10,61.0,38.0,,,,1.0,,1.0255440541712375,13:16:56.549823
263,1500000,buy,2020-08-10,59.0,39.0,,1.0,,1.0,,1.0273023962113956,13:16:57.189615
264,10000,sell,2020-08-10,,100.0,,,,,,1.0223019904425306,13:16:58.403732
265,25000,sell,2020-08-10,,100.0,,,,,,1.0222046328040564,13:16:59.644653
266,50000,sell,2020-08-10,,100.0,,,,,,1.022044200696535,13:17:00.408410
267,100000,sell,2020-08-10,9.0,91.0,,,,,,1.021739202022122,13:17:01.640036
268,200000,sell,2020-08-10,33.0,67.0,,,,,,1.0213487243016077,13:17:02.857996
269,500000,sell,2020-08-10,46.0,54.0,,,,,,1.0205085083508363,13:17:03.497396
270,1000000,sell,2020-08-10,51.0,49.0,,,,,,1.019309440493487,13:17:04.310698
271,1500000,sell,2020-08-10,52.0,48.0,,,,,,1.0182383121166285,13:17:05.711374
272,10000,buy,2020-08-10,62.0,,,,24.0,4.0,10.0,1.0199567117173318,13:17:36.403727
273,25000,buy,2020-08-10,81.0,,,,10.0,1.0,8.0,1.0212667140873626,13:17:37.215627
274,50000,buy,2020-08-10,90.0,,,,5.0,1.0,4.0,1.021850137037521,13:17:38.503747
275,100000,buy,2020-08-10,95.0,,,,3.0,,2.0,1.0223380608804913,13:17:39.360754
276,200000,buy,2020-08-10,79.0,18.0,,,1.0,1.0,1.0,1.0228612277426727,13:17:40.211522
277,500000,buy,2020-08-10,65.0,33.0,,,1.0,1.0,,1.023916248503927,13:17:41.455700
278,1000000,buy,2020-08-10,61.0,38.0,,,,1.0,,1.0255428671609939,13:17:42.801811
279,1500000,buy,2020-08-10,59.0,39.0,,1.0,,1.0,,1.0273012078871502,13:17:43.642732
280,10000,sell,2020-08-10,,100.0,,,,,,1.0223019899993182,13:17:44.408716
281,25000,sell,2020-08-10,,100.0,,,,,,1.0222046323640854,13:17:45.654725
282,50000,sell,2020-08-10,,100.0,,,,,,1.0220442002618804,13:17:46.296117
283,100000,sell,2020-08-10,9.0,91.0,,,,,,1.0217392016343145,13:17:48.000426
284,200000,sell,2020-08-10,33.0,67.0,,,,,,1.0213487240218517,13:17:48.746514
285,500000,sell,2020-08-10,46.0,54.0,,,,,,1.0205085081390979,13:17:49.597563
286,1000000,sell,2020-08-10,51.0,49.0,,,,,,1.019309440319024,13:17:50.385407
287,1500000,sell,2020-08-10,52.0,48.0,,,,,,1.0182383119611607,13:17:51.674263
288,10000,buy,2020-08-10,53.0,,,,24.0,3.0,20.0,1.0197559168870114,13:18:09.594409
289,25000,buy,2020-08-10,81.0,,,,10.0,1.0,8.0,1.0211759664315898,13:18:10.597089
290,50000,buy,2020-08-10,90.0,,,,5.0,1.0,4.0,1.0217409811824518,13:18:11.267873
291,100000,buy,2020-08-10,94.0,,,,3.0,1.0,2.0,1.0222172370801532,13:18:12.634435
292,200000,buy,2020-08-10,82.0,15.0,,,1.0,1.0,1.0,1.022751791209752,13:18:13.416183
293,500000,buy,2020-08-10,66.0,32.0,,,1.0,1.0,,1.0238217126296096,13:18:14.714019
294,1000000,buy,2020-08-10,62.0,37.0,,,,1.0,,1.0254451724844849,13:18:15.495718
295,1500000,buy,2020-08-10,60.0,38.0,,1.0,,1.0,,1.0271979874376629,13:18:16.301459
296,10000,sell,2020-08-10,,100.0,,,,,,1.022301986808188,13:18:16.942254
297,25000,sell,2020-08-10,,100.0,,,,,,1.022204629196294,13:18:17.512401
298,50000,sell,2020-08-10,,100.0,,,,,,1.0220441971323666,13:18:18.176437
299,100000,sell,2020-08-10,3.0,97.0,,,,,,1.0217312368213425,13:18:19.670680
300,200000,sell,2020-08-10,30.0,70.0,,,,,,1.021310005024542,13:18:20.815600
301,500000,sell,2020-08-10,45.0,55.0,,,,,,1.0204541183181892,13:18:22.121040
302,1000000,sell,2020-08-10,50.0,50.0,,,,,,1.0192538306696113,13:18:22.902881
303,1500000,sell,2020-08-10,51.0,49.0,,,,,,1.0181849338172493,13:18:24.299583
304,10000,buy,2020-08-10,53.0,,,,24.0,3.0,20.0,1.0197559168870114,13:18:58.206903
305,25000,buy,2020-08-10,81.0,,,,10.0,1.0,8.0,1.0211759664315898,13:18:58.893708
306,50000,buy,2020-08-10,90.0,,,,5.0,1.0,4.0,1.0217409811824518,13:18:59.496888
307,100000,buy,2020-08-10,94.0,,,,3.0,1.0,2.0,1.022213097113412,13:19:00.298163
308,200000,buy,2020-08-10,82.0,15.0,,,1.0,1.0,1.0,1.0227476486784017,13:19:01.084619
309,500000,buy,2020-08-10,66.0,32.0,,,1.0,1.0,,1.0238175673724594,13:19:01.979949
310,1000000,buy,2020-08-10,62.0,37.0,,,,1.0,,1.0254410245276628,13:19:03.152277
311,1500000,buy,2020-08-10,60.0,38.0,,1.0,,1.0,,1.027193835823583,13:19:04.670701
312,10000,sell,2020-08-10,,100.0,,,,,,1.0223019843705192,13:19:06.041839
313,25000,sell,2020-08-10,,100.0,,,,,,1.0222046267764535,13:19:07.451691
314,50000,sell,2020-08-10,,100.0,,,,,,1.0220441947417662,13:19:08.320085
315,100000,sell,2020-08-10,3.0,97.0,,,,,,1.0217312345542737,13:19:10.064882
316,200000,sell,2020-08-10,30.0,70.0,,,,,,1.0213100034215286,13:19:11.007503
317,500000,sell,2020-08-10,45.0,55.0,,,,,,1.0204541171347419,13:19:11.905622
318,1000000,sell,2020-08-10,50.0,50.0,,,,,,1.0192538296946259,13:19:13.257087
319,1500000,sell,2020-08-10,51.0,49.0,,,,,,1.0181849329495567,13:19:14.763071
320,10000,buy,2020-08-10,53.0,,,,24.0,3.0,20.0,1.0197559168870114,13:19:32.738147
321,25000,buy,2020-08-10,81.0,,,,10.0,1.0,8.0,1.0211759664315898,13:19:34.086253
322,50000,buy,2020-08-10,90.0,,,,5.0,1.0,4.0,1.0217409811824518,13:19:35.017052
323,100000,buy,2020-08-10,94.0,,,,3.0,1.0,2.0,1.022213097113412,13:19:36.429045
324,200000,buy,2020-08-10,82.0,15.0,,,1.0,1.0,1.0,1.0227476486784017,13:19:37.630821
325,500000,buy,2020-08-10,66.0,32.0,,,1.0,1.0,,1.0238175673724594,13:19:38.919069
326,1000000,buy,2020-08-10,62.0,37.0,,,,1.0,,1.0254410245276628,13:19:40.315141
327,1500000,buy,2020-08-10,60.0,38.0,,1.0,,1.0,,1.027193835823583,13:19:41.357579
328,10000,sell,2020-08-10,,100.0,,,,,,1.0223019843705192,13:19:42.731886
329,25000,sell,2020-08-10,,100.0,,,,,,1.0222046267764535,13:19:43.676197
330,50000,sell,2020-08-10,,100.0,,,,,,1.0220441947417662,13:19:45.771404
331,100000,sell,2020-08-10,3.0,97.0,,,,,,1.0217312345542737,13:19:46.623514
332,200000,sell,2020-08-10,30.0,70.0,,,,,,1.0213100034215286,13:19:47.784565
333,500000,sell,2020-08-10,45.0,55.0,,,,,,1.0204541171347419,13:19:49.085590
334,1000000,sell,2020-08-10,50.0,50.0,,,,,,1.0192538296946259,13:19:50.240419
335,1500000,sell,2020-08-10,51.0,49.0,,,,,,1.0181849329495567,13:19:51.350672
336,10000,buy,2020-08-10,56.0,,,,22.0,2.0,20.0,1.0191671722196534,13:20:27.631225
337,25000,buy,2020-08-10,82.0,,,,9.0,1.0,8.0,1.0202824773528234,13:20:28.437420
338,50000,buy,2020-08-10,90.0,,,,5.0,1.0,4.0,1.0207520033556792,13:20:29.756186
339,100000,buy,2020-08-10,96.0,,,,2.0,,2.0,1.0211494101846084,13:20:30.997681
340,200000,buy,2020-08-10,98.0,,,,1.0,,1.0,1.0216933307132878,13:20:31.787297
341,500000,buy,2020-08-10,77.0,21.0,,,1.0,1.0,,1.0229654015733254,13:20:32.759305
342,1000000,buy,2020-08-10,67.0,32.0,,,,1.0,,1.0246083557384755,13:20:34.016125
343,1500000,buy,2020-08-10,63.0,35.0,,1.0,,1.0,,1.0263289113818004,13:20:34.844462
344,10000,sell,2020-08-10,,100.0,,,,,,1.0223019843705192,13:20:35.767543
345,25000,sell,2020-08-10,,100.0,,,,,,1.0222046267764535,13:20:36.918908
346,50000,sell,2020-08-10,,100.0,,,,,,1.0220441947417662,13:20:37.803420
347,100000,sell,2020-08-10,,100.0,,,,,,1.021730023587256,13:20:39.112102
348,200000,sell,2020-08-10,4.0,96.0,,,,,,1.0211296896975233,13:20:40.576080
349,500000,sell,2020-08-10,35.0,65.0,,,,,,1.0200411035695947,13:20:41.923742
350,1000000,sell,2020-08-10,45.0,55.0,,,,,,1.018796204374569,13:20:43.226138
351,1500000,sell,2020-08-10,48.0,52.0,,,,,,1.0177356108714273,13:20:43.940570
352,10000,buy,2020-08-10,57.0,,,,21.0,2.0,20.0,1.0189726130263368,13:21:02.117491
353,25000,buy,2020-08-10,82.0,,,,9.0,1.0,8.0,1.0199962314193924,13:21:03.326019
354,50000,buy,2020-08-10,92.0,,,,4.0,,4.0,1.0204310352899912,13:21:04.498640
355,100000,buy,2020-08-10,96.0,,,,2.0,,2.0,1.0208074744316862,13:21:05.277367
356,200000,buy,2020-08-10,95.0,3.0,,,1.0,,1.0,1.0213327145185014,13:21:06.186522
357,500000,buy,2020-08-10,71.0,27.0,,,1.0,1.0,,1.0224288821559495,13:21:07.720107
358,1000000,buy,2020-08-10,64.0,35.0,,,,1.0,,1.0239493155907196,13:21:09.525692
359,1500000,buy,2020-08-10,62.0,37.0,,,,1.0,,1.0255889283953958,13:21:10.300969
360,10000,sell,2020-08-10,,100.0,,,,,,1.0213059222892757,13:21:11.499771
361,25000,sell,2020-08-10,,100.0,,,,,,1.0212148492577078,13:21:12.823024
362,50000,sell,2020-08-10,,100.0,,,,,,1.021064735978032,13:21:13.983883
363,100000,sell,2020-08-10,,100.0,,,,,,1.0207706371324223,13:21:14.705694
364,200000,sell,2020-08-10,17.0,83.0,,,,,,1.020259739805417,13:21:15.460703
365,500000,sell,2020-08-10,40.0,60.0,,,,,,1.0193646912963863,13:21:16.097070
366,1000000,sell,2020-08-10,47.0,53.0,,,,,,1.018215734888732,13:21:18.160560
367,1500000,sell,2020-08-10,49.0,50.0,,,,,1.0,1.0172097946743228,13:21:19.738655
368,10000,buy,2020-08-10,57.0,,,,21.0,2.0,20.0,1.0189726130263368,13:21:53.618518
369,25000,buy,2020-08-10,82.0,,,,9.0,1.0,8.0,1.0199962314193924,13:21:54.463854
370,50000,buy,2020-08-10,92.0,,,,4.0,,4.0,1.0204310352899912,13:21:55.130857
371,100000,buy,2020-08-10,96.0,,,,2.0,,2.0,1.0208074744316862,13:21:56.296026
372,200000,buy,2020-08-10,95.0,3.0,,,1.0,,1.0,1.0213327143943296,13:21:57.035284
373,500000,buy,2020-08-10,71.0,27.0,,,1.0,1.0,,1.022429928270018,13:21:57.709767
374,1000000,buy,2020-08-10,64.0,35.0,,,,1.0,,1.0239503615901757,13:21:58.301608
375,1500000,buy,2020-08-10,62.0,37.0,,,,1.0,,1.0255899747429784,13:21:59.522333
376,10000,sell,2020-08-10,,100.0,,,,,,1.021305918177813,13:22:00.665517
377,25000,sell,2020-08-10,,100.0,,,,,,1.0212148451757748,13:22:01.336807
378,50000,sell,2020-08-10,,100.0,,,,,,1.0210647319445454,13:22:02.151623
379,100000,sell,2020-08-10,,100.0,,,,,,1.020770633193034,13:22:02.806694
380,200000,sell,2020-08-10,17.0,83.0,,,,,,1.0202597366343125,13:22:03.815476
381,500000,sell,2020-08-10,40.0,60.0,,,,,,1.0193646891382595,13:22:04.690761
382,1000000,sell,2020-08-10,47.0,53.0,,,,,,1.018215733160893,13:22:05.820890
383,1500000,sell,2020-08-10,49.0,50.0,,,,,1.0,1.0172097931822215,13:22:06.573833
384,10000,buy,2020-08-10,57.0,,,,21.0,2.0,20.0,1.0189726130263368,13:22:25.852705
385,25000,buy,2020-08-10,82.0,,,,9.0,1.0,8.0,1.0199962314193924,13:22:26.683624
386,50000,buy,2020-08-10,92.0,,,,4.0,,4.0,1.0204310352899912,13:22:28.016155
387,100000,buy,2020-08-10,96.0,,,,2.0,,2.0,1.0208074744316862,13:22:28.790340
388,200000,buy,2020-08-10,95.0,3.0,,,1.0,,1.0,1.0213327143943296,13:22:30.006355
389,500000,buy,2020-08-10,71.0,27.0,,,1.0,1.0,,1.022429928270018,13:22:31.225306
390,1000000,buy,2020-08-10,64.0,35.0,,,,1.0,,1.023953608433393,13:22:32.421366
391,1500000,buy,2020-08-10,62.0,37.0,,,,1.0,,1.0255932236100846,13:22:33.686047
392,10000,sell,2020-08-10,,100.0,,,,,,1.0213059180133548,13:22:34.909300
393,25000,sell,2020-08-10,,100.0,,,,,,1.0212148450124974,13:22:35.626592
394,50000,sell,2020-08-10,,100.0,,,,,,1.021064731783206,13:22:36.304539
395,100000,sell,2020-08-10,,100.0,,,,,,1.0207706330354582,13:22:37.566651
396,200000,sell,2020-08-10,17.0,83.0,,,,,,1.0202597365074684,13:22:38.218335
397,500000,sell,2020-08-10,40.0,60.0,,,,,,1.0193646890519346,13:22:38.783173
398,1000000,sell,2020-08-10,47.0,53.0,,,,,,1.0182157330917794,13:22:40.164332
399,1500000,sell,2020-08-10,49.0,50.0,,,,,1.0,1.0172097931225375,13:22:41.498004
400,10000,buy,2020-08-10,27.0,,,,10.0,43.0,20.0,1.0195959621655972,13:23:16.989069
401,25000,buy,2020-08-10,70.0,,,,4.0,18.0,8.0,1.0202295941659394,13:23:17.989711
402,50000,buy,2020-08-10,84.0,,,,2.0,10.0,4.0,1.0205262298672373,13:23:18.583782
403,100000,buy,2020-08-10,91.0,,,,1.0,6.0,2.0,1.0208368231560276,13:23:19.668746
404,200000,buy,2020-08-10,92.0,2.0,,,1.0,4.0,1.0,1.0213321047253945,13:23:21.018035
405,500000,buy,2020-08-10,71.0,27.0,,,,2.0,,1.0223829785921796,13:23:21.821387
406,1000000,buy,2020-08-10,63.0,35.0,,,,2.0,,1.0239046837572399,13:23:23.062742
407,1500000,buy,2020-08-10,62.0,37.0,,,,1.0,,1.025545840573716,13:23:24.225871
408,10000,sell,2020-08-10,,100.0,,,,,,1.0213034464561384,13:23:25.390842
409,25000,sell,2020-08-10,,100.0,,,,,,1.0212123890240647,13:23:26.447824
410,50000,sell,2020-08-10,,100.0,,,,,,1.0210623013600157,13:23:27.248089
411,100000,sell,2020-08-10,,100.0,,,,,,1.0207682523514066,13:23:28.512529
412,200000,sell,2020-08-10,17.0,83.0,,,,,,1.020257812786941,13:23:29.787595
413,500000,sell,2020-08-10,40.0,60.0,,,,,,1.0193633698620936,13:23:31.080307
414,1000000,sell,2020-08-10,47.0,53.0,,,,,,1.0182146634093054,13:23:32.340504
415,1500000,sell,2020-08-10,49.0,50.0,,,,,1.0,1.0172088587005192,13:23:33.311453
416,10000,buy,2020-08-10,,,69.0,,,21.0,10.0,1.019282597695147,13:23:50.621271
417,25000,buy,2020-08-10,69.0,,,,6.0,17.0,8.0,1.0201061129363336,13:23:51.230220
418,50000,buy,2020-08-10,84.0,,,,3.0,9.0,4.0,1.0204630110992414,13:23:52.407554
419,100000,buy,2020-08-10,91.0,,,,2.0,5.0,2.0,1.0208093194390973,13:23:53.116618
420,200000,buy,2020-08-10,93.0,2.0,,,1.0,3.0,1.0,1.021307703872464,13:23:53.784402
421,500000,buy,2020-08-10,71.0,27.0,,,,2.0,,1.0223847322285082,13:23:54.359601
422,1000000,buy,2020-08-10,63.0,35.0,,,,2.0,,1.0239064340132262,13:23:55.127613
423,1500000,buy,2020-08-10,62.0,37.0,,,,1.0,,1.0255467203514614,13:23:56.311238
424,10000,sell,2020-08-10,,100.0,,,,,,1.021303445469578,13:23:57.614337
425,25000,sell,2020-08-10,,100.0,,,,,,1.0212123880445896,13:23:58.424730
426,50000,sell,2020-08-10,,100.0,,,,,,1.0210623003921648,13:23:59.714477
427,100000,sell,2020-08-10,,100.0,,,,,,1.020768251406134,13:24:00.390507
428,200000,sell,2020-08-10,17.0,83.0,,,,,,1.0202578120260204,13:24:01.145182
429,500000,sell,2020-08-10,40.0,60.0,,,,,,1.01936336934424,13:24:01.814911
430,1000000,sell,2020-08-10,47.0,53.0,,,,,,1.0182146631501772,13:24:03.151563
431,1500000,sell,2020-08-10,49.0,51.0,,,,,,1.0172081241730189,13:24:04.303597
432,10000,buy,2020-08-10,,,97.0,,,3.0,,1.0183974814841408,13:24:41.260416
433,25000,buy,2020-08-10,69.0,,,,6.0,17.0,8.0,1.0201088919769514,13:24:41.907394
434,50000,buy,2020-08-10,84.0,,,,3.0,9.0,4.0,1.0204644823683189,13:24:43.203984
435,100000,buy,2020-08-10,91.0,,,,2.0,5.0,2.0,1.0208101362365172,13:24:44.461950
436,200000,buy,2020-08-10,93.0,2.0,,,1.0,3.0,1.0,1.0213081930285233,13:24:45.143326
437,500000,buy,2020-08-10,71.0,27.0,,,,2.0,,1.0223850547757751,13:24:45.746912
438,1000000,buy,2020-08-10,63.0,35.0,,,,2.0,,1.0239067482436253,13:24:47.388230
439,1500000,buy,2020-08-10,62.0,37.0,,,,1.0,,1.025546879565867,13:24:48.183453
440,10000,sell,2020-08-10,,100.0,,,,,,1.0213034431676034,13:24:48.912149
441,25000,sell,2020-08-10,,100.0,,,,,,1.0212123857591475,13:24:49.881610
442,50000,sell,2020-08-10,,100.0,,,,,,1.0210622981338464,13:24:50.506002
443,100000,sell,2020-08-10,,100.0,,,,,,1.0207682331607533,13:24:51.781547
444,200000,sell,2020-08-10,14.0,86.0,,,,,,1.0202397472650495,13:24:52.822822
445,500000,sell,2020-08-10,39.0,61.0,,,,,,1.0193188648764733,13:24:54.135063
446,1000000,sell,2020-08-10,47.0,53.0,,,,,,1.0181648074700949,13:24:55.499738
447,1500000,sell,2020-08-10,49.0,51.0,,,,,,1.0171591465989487,13:24:56.717687
448,10000,buy,2020-08-10,,,100.0,,,,,1.0184002565753851,13:25:16.852116
449,25000,buy,2020-08-10,90.0,,,,6.0,1.0,3.0,1.020267024911545,13:25:17.670770
450,50000,buy,2020-08-10,96.0,,,,3.0,,1.0,1.0205133252446499,13:25:19.156501
451,100000,buy,2020-08-10,98.0,,,,2.0,,,1.0208055261139914,13:25:20.284229
452,200000,buy,2020-08-10,98.0,1.0,,,1.0,,,1.0212791091396938,13:25:21.151834
453,500000,buy,2020-08-10,73.0,27.0,,,,,,1.022346045619563,13:25:21.851166
454,1000000,buy,2020-08-10,65.0,34.0,,,,1.0,,1.023870592338431,13:25:22.478565
455,1500000,buy,2020-08-10,62.0,37.0,,,,1.0,,1.0255052928405712,13:25:23.812665
456,10000,sell,2020-08-10,,100.0,,,,,,1.021303439525749,13:25:25.108885
457,25000,sell,2020-08-10,,100.0,,,,,,1.0212123797242312,13:25:26.498268
458,50000,sell,2020-08-10,,100.0,,,,,,1.0210622881984932,13:25:27.242952
459,100000,sell,2020-08-10,,100.0,,,,,,1.020768231782199,13:25:27.853258
460,200000,sell,2020-08-10,14.0,86.0,,,,,,1.0202397461184005,13:25:29.351680
461,500000,sell,2020-08-10,39.0,61.0,,,,,,1.0193188641103597,13:25:30.453887
462,1000000,sell,2020-08-10,47.0,53.0,,,,,,1.018164806865451,13:25:31.699572
463,1500000,sell,2020-08-10,49.0,51.0,,,,,,1.0171591460694585,13:25:32.255637
464,10000,buy,2020-08-10,,,100.0,,,,,1.0184002565753851,13:26:06.204002
465,25000,buy,2020-08-10,90.0,,,,6.0,1.0,3.0,1.020267024911545,13:26:07.432029
466,50000,buy,2020-08-10,96.0,,,,3.0,,1.0,1.0205133252446499,13:26:08.298646
467,100000,buy,2020-08-10,98.0,,,,2.0,,,1.0208055261139914,13:26:09.472595
468,200000,buy,2020-08-10,98.0,1.0,,,1.0,,,1.0212791091268894,13:26:10.363981
469,500000,buy,2020-08-10,73.0,27.0,,,,,,1.022346045251068,13:26:11.216821
470,1000000,buy,2020-08-10,65.0,34.0,,,,1.0,,1.0238598467624496,13:26:12.667826
471,1500000,buy,2020-08-10,62.0,37.0,,,,1.0,,1.025494540630934,13:26:13.917467
472,10000,sell,2020-08-10,,100.0,,,,,,1.021303439279103,13:26:15.009616
473,25000,sell,2020-08-10,,100.0,,,,,,1.0212123794793564,13:26:15.689284
474,50000,sell,2020-08-10,,100.0,,,,,,1.0210622879565245,13:26:16.751534
475,100000,sell,2020-08-10,,100.0,,,,,,1.0207682315458753,13:26:17.631454
476,200000,sell,2020-08-10,14.0,86.0,,,,,,1.0202397459218322,13:26:18.295368
477,500000,sell,2020-08-10,39.0,61.0,,,,,,1.0193188639790258,13:26:19.731448
478,1000000,sell,2020-08-10,47.0,53.0,,,,,,1.0181648067617977,13:26:20.435509
479,1500000,sell,2020-08-10,49.0,51.0,,,,,,1.0171591459786886,13:26:21.141986
480,10000,buy,2020-08-10,,,100.0,,,,,1.0174456817296738,13:26:38.158856
481,25000,buy,2020-08-10,,,99.0,,,1.0,,1.019929599830777,13:26:38.791836
482,50000,buy,2020-08-10,96.0,,,,3.0,,1.0,1.0205686798826883,13:26:39.383787
483,100000,buy,2020-08-10,98.0,,,,2.0,,,1.0208634727643549,13:26:40.112844
484,200000,buy,2020-08-10,97.0,2.0,,,1.0,,,1.0213379424002853,13:26:41.326454
485,500000,buy,2020-08-10,73.0,27.0,,,,,,1.0223908567358055,13:26:42.440829
486,1000000,buy,2020-08-10,64.0,35.0,,,,1.0,,1.0239040817048002,13:26:43.280748
487,1500000,buy,2020-08-10,62.0,37.0,,,,1.0,,1.0255369111346635,13:26:44.574824
488,10000,sell,2020-08-10,,100.0,,,,,,1.021303437675904,13:26:45.225756
489,25000,sell,2020-08-10,,100.0,,,,,,1.0212123778876718,13:26:46.051476
490,50000,sell,2020-08-10,,100.0,,,,,,1.0210622863837306,13:26:47.817317
491,100000,sell,2020-08-10,,100.0,,,,,,1.0207682300097725,13:26:49.107627
492,200000,sell,2020-08-10,15.0,85.0,,,,,,1.0202488436199355,13:26:49.891890
493,500000,sell,2020-08-10,39.0,61.0,,,,,,1.0193434692363066,13:26:51.191165
494,1000000,sell,2020-08-10,47.0,53.0,,,,,,1.0181949362314167,13:26:52.488398
495,1500000,sell,2020-08-10,49.0,51.0,,,,,,1.0171910895073435,13:26:53.300321
496,10000,buy,2020-08-10,63.0,,,,15.0,2.0,20.0,1.0197096668526218,13:27:28.401724
497,25000,buy,2020-08-10,85.0,,,,6.0,1.0,8.0,1.0202599884466987,13:27:29.236904
498,50000,buy,2020-08-10,93.0,,,,3.0,,4.0,1.0205341904725083,13:27:29.883574
499,100000,buy,2020-08-10,96.0,,,,2.0,,2.0,1.0208355896541894,13:27:31.210653
500,200000,buy,2020-08-10,96.0,2.0,,,1.0,,1.0,1.0213152277496147,13:27:32.254525
501,500000,buy,2020-08-10,73.0,27.0,,,,,,1.0223908562721749,13:27:33.644437
502,1000000,buy,2020-08-10,65.0,35.0,,,,,,1.0239148276332726,13:27:34.964416
503,1500000,buy,2020-08-10,62.0,37.0,,,,1.0,,1.0255494910309857,13:27:36.292180
504,10000,sell,2020-08-10,,100.0,,,,,,1.0213034360727047,13:27:36.941158
505,25000,sell,2020-08-10,,100.0,,,,,,1.0212123762959868,13:27:38.067476
506,50000,sell,2020-08-10,,100.0,,,,,,1.021062284810936,13:27:38.855505
507,100000,sell,2020-08-10,,100.0,,,,,,1.0207682284736692,13:27:39.698632
508,200000,sell,2020-08-10,15.0,85.0,,,,,,1.0202488423559393,13:27:40.952619
509,500000,sell,2020-08-10,39.0,61.0,,,,,,1.0193434683826372,13:27:42.163466
510,1000000,sell,2020-08-10,47.0,53.0,,,,,,1.0181949355576705,13:27:43.174176
511,1500000,sell,2020-08-10,49.0,51.0,,,,,,1.0171910889173401,13:27:43.915418
512,10000,buy,2020-08-10,63.0,,,,15.0,2.0,20.0,1.0197096668526218,13:28:02.162265
513,25000,buy,2020-08-10,85.0,,,,6.0,1.0,8.0,1.0202599884466987,13:28:03.524522
514,50000,buy,2020-08-10,95.0,,,,3.0,,2.0,1.01989860542275,13:28:04.938231
515,100000,buy,2020-08-10,97.0,,,,1.0,,2.0,1.0201768373982243,13:28:05.804267
516,200000,buy,2020-08-10,91.0,7.0,,,1.0,,1.0,1.020617721770958,13:28:07.074642
517,500000,buy,2020-08-10,71.0,29.0,,,,,,1.021584215367229,13:28:07.775219
518,1000000,buy,2020-08-10,64.0,36.0,,,,,,1.0230159762320146,13:28:09.122193
519,1500000,buy,2020-08-10,61.0,38.0,,,,1.0,,1.0245697752797287,13:28:10.243153
520,10000,sell,2020-08-10,,100.0,,,,,,1.0203713103292846,13:28:11.603542
521,25000,sell,2020-08-10,,100.0,,,,,,1.0202860039740944,13:28:12.408283
522,50000,sell,2020-08-10,,100.0,,,,,,1.0201453622162218,13:28:13.762940
523,100000,sell,2020-08-10,,100.0,,,,,,1.0198696986932452,13:28:14.540129
524,200000,sell,2020-08-10,20.0,80.0,,,,,,1.0194105893417715,13:28:15.530273
525,500000,sell,2020-08-10,41.0,59.0,,,,,,1.0185906452823892,13:28:16.923248
526,1000000,sell,2020-08-10,48.0,52.0,,,,,,1.017509745623187,13:28:18.156395
527,1500000,sell,2020-08-10,49.0,50.0,,,,,1.0,1.016559505926889,13:28:19.152744
528,10000,buy,2020-08-10,76.0,,,,13.0,1.0,10.0,1.018729228981679,13:28:51.720309
529,25000,buy,2020-08-10,92.0,,,,5.0,,3.0,1.0190827255189818,13:28:53.109619
530,50000,buy,2020-08-10,95.0,,,,3.0,,2.0,1.0192813880544769,13:28:54.283626
531,100000,buy,2020-08-10,98.0,,,,1.0,,1.0,1.019533220796588,13:28:55.026023
532,200000,buy,2020-08-10,98.0,,,,1.0,,1.0,1.0199660654413831,13:28:55.760824
533,500000,buy,2020-08-10,78.0,22.0,,,,,,1.0210633700515654,13:28:56.441729
534,1000000,buy,2020-08-10,67.0,33.0,,,,,,1.022521012332663,13:28:57.152501
535,1500000,buy,2020-08-10,64.0,36.0,,,,,,1.0240633156383503,13:28:58.028298
536,10000,sell,2020-08-10,,100.0,,,,,,1.0203837485538152,13:28:58.732975
537,25000,sell,2020-08-10,,100.0,,,,,,1.0202983921092168,13:29:00.136914
538,50000,sell,2020-08-10,,100.0,,,,,,1.0201576677731319,13:29:01.453680
539,100000,sell,2020-08-10,,100.0,,,,,,1.0198818424028853,13:29:02.254805
540,200000,sell,2020-08-10,2.0,98.0,,,,,,1.019352222456197,13:29:02.954835
541,500000,sell,2020-08-10,34.0,66.0,,,,,,1.018369038030825,13:29:04.480901
542,1000000,sell,2020-08-10,44.0,56.0,,,,,,1.0172524392803057,13:29:05.825894
543,1500000,sell,2020-08-10,46.0,53.0,,,,,1.0,1.0163055223917667,13:29:06.635811
544,10000,buy,2020-08-10,87.0,,,,12.0,1.0,,1.0187355146050237,13:29:24.651239
545,25000,buy,2020-08-10,92.0,,,,5.0,,3.0,1.0190897261000027,13:29:25.364924
546,50000,buy,2020-08-10,95.0,,,,3.0,,2.0,1.0192855838037462,13:29:26.147957
547,100000,buy,2020-08-10,98.0,,,,1.0,,1.0,1.0195346242242493,13:29:27.498397
548,200000,buy,2020-08-10,98.0,,,,1.0,,1.0,1.0199674617585666,13:29:28.098462
549,500000,buy,2020-08-10,78.0,22.0,,,,,,1.0210633697399525,13:29:29.253128
550,1000000,buy,2020-08-10,67.0,33.0,,,,,,1.0225210118120813,13:29:30.498394
551,1500000,buy,2020-08-10,64.0,36.0,,,,,,1.0240633150046863,13:29:31.766997
552,10000,sell,2020-08-10,,100.0,,,,,,1.020383747213481,13:29:32.455682
553,25000,sell,2020-08-10,,100.0,,,,,,1.0202983907783378,13:29:33.921008
554,50000,sell,2020-08-10,,100.0,,,,,,1.0201576664577703,13:29:35.200166
555,100000,sell,2020-08-10,,100.0,,,,,,1.019881841117681,13:29:36.354265
556,200000,sell,2020-08-10,2.0,98.0,,,,,,1.0193522212504103,13:29:37.542984
557,500000,sell,2020-08-10,34.0,66.0,,,,,,1.018369037265173,13:29:38.850506
558,1000000,sell,2020-08-10,44.0,56.0,,,,,,1.017252438690141,13:29:39.951150
559,1500000,sell,2020-08-10,46.0,53.0,,,,,1.0,1.016304118728572,13:29:40.660383
560,10000,buy,2020-08-10,88.0,,,,12.0,,,1.01873714752981,13:30:17.723845
561,25000,buy,2020-08-10,92.0,,,,5.0,,3.0,1.0190897261000027,13:30:19.567577
562,50000,buy,2020-08-10,95.0,,,,3.0,,2.0,1.0192855838037462,13:30:20.397871
563,100000,buy,2020-08-10,98.0,,,,1.0,,1.0,1.0195346242242493,13:30:21.655935
564,200000,buy,2020-08-10,98.0,,,,1.0,,1.0,1.0199674617585666,13:30:23.252922
565,500000,buy,2020-08-10,77.0,22.0,,,,1.0,,1.021061732282048,13:30:24.554351
566,1000000,buy,2020-08-10,67.0,32.0,,,,1.0,,1.0225049309011627,13:30:25.885458
567,1500000,buy,2020-08-10,63.0,36.0,,,,1.0,,1.0240279033901558,13:30:26.729314
568,10000,sell,2020-08-10,,100.0,,,,,,1.020383744800846,13:30:28.105893
569,25000,sell,2020-08-10,,100.0,,,,,,1.0202983883827228,13:30:29.400876
570,50000,sell,2020-08-10,,100.0,,,,,,1.020157664090087,13:30:30.091692
571,100000,sell,2020-08-10,,100.0,,,,,,1.0198818388042816,13:30:30.950929
572,200000,sell,2020-08-10,2.0,98.0,,,,,,1.0193522190799633,13:30:32.461339
573,500000,sell,2020-08-10,34.0,66.0,,,,,,1.0183690358869795,13:30:33.962439
574,1000000,sell,2020-08-10,44.0,56.0,,,,,,1.0172524376278282,13:30:34.832567
575,1500000,sell,2020-08-10,46.0,53.0,,,,,1.0,1.0163042656006678,13:30:36.171935
576,10000,buy,2020-08-10,88.0,,,,12.0,,,1.01873714752981,13:30:54.658711
577,25000,buy,2020-08-10,92.0,,,,5.0,,3.0,1.0190897261000027,13:30:55.497685
578,50000,buy,2020-08-10,95.0,,,,3.0,,2.0,1.0192855838037462,13:30:56.702728
579,100000,buy,2020-08-10,98.0,,,,1.0,,1.0,1.0195346242242493,13:30:57.983711
580,200000,buy,2020-08-10,97.0,,,,1.0,1.0,1.0,1.019965216158328,13:30:59.266376
581,500000,buy,2020-08-10,77.0,22.0,,,,1.0,,1.0210523865787515,13:30:59.968622
582,1000000,buy,2020-08-10,67.0,32.0,,,,1.0,,1.0224955774852438,13:31:01.361155
583,1500000,buy,2020-08-10,63.0,36.0,,,,1.0,,1.024018540853808,13:31:02.271039
584,10000,sell,2020-08-10,,100.0,,,,,,1.0203837436519723,13:31:03.407735
585,25000,sell,2020-08-10,,100.0,,,,,,1.020298387241954,13:31:04.317200
586,50000,sell,2020-08-10,,100.0,,,,,,1.0201576629626192,13:31:05.042201
587,100000,sell,2020-08-10,,100.0,,,,,,1.0198818377026633,13:31:05.830453
588,200000,sell,2020-08-10,2.0,98.0,,,,,,1.0193522180464172,13:31:06.973015
589,500000,sell,2020-08-10,34.0,66.0,,,,,,1.018369035230697,13:31:08.483318
590,1000000,sell,2020-08-10,44.0,56.0,,,,,,1.0172524371219651,13:31:09.470786
591,1500000,sell,2020-08-10,46.0,53.0,,,,,1.0,1.016303023617416,13:31:10.785786
592,10000,buy,2020-08-10,76.0,,,,13.0,1.0,10.0,1.0190964558778268,13:31:45.938343
593,25000,buy,2020-08-10,91.0,,,,5.0,,4.0,1.0195046355080106,13:31:46.929029
594,50000,buy,2020-08-10,95.0,,,,3.0,,2.0,1.0197214344542402,13:31:48.161452
595,100000,buy,2020-08-10,98.0,,,,1.0,,1.0,1.019989909907249,13:31:49.295553
596,200000,buy,2020-08-10,97.0,1.0,,,1.0,1.0,,1.0204435704031172,13:31:50.045169
597,500000,buy,2020-08-10,72.0,27.0,,,,1.0,,1.02142891723852,13:31:51.273734
598,1000000,buy,2020-08-10,64.0,35.0,,,,1.0,,1.0228516832607197,13:31:52.691378
599,1500000,buy,2020-08-10,62.0,37.0,,,,1.0,,1.0243878004012663,13:31:53.847164
600,10000,sell,2020-08-10,,100.0,,,,,,1.0203837415076944,13:31:55.114457
601,25000,sell,2020-08-10,,100.0,,,,,,1.0202983851128031,13:31:56.433500
602,50000,sell,2020-08-10,,100.0,,,,,,1.0201576608582943,13:31:57.317336
603,100000,sell,2020-08-10,,100.0,,,,,,1.0198818356465857,13:31:58.752154
604,200000,sell,2020-08-10,14.0,86.0,,,,,,1.0193886542605948,13:32:00.149755
605,500000,sell,2020-08-10,39.0,61.0,,,,,,1.0185260359656874,13:32:00.802058
606,1000000,sell,2020-08-10,46.0,54.0,,,,,,1.01743620183368,13:32:01.553187
607,1500000,sell,2020-08-10,48.0,51.0,,,,,1.0,1.0164850355742252,13:32:03.003036
608,10000,buy,2020-08-10,75.0,,,,14.0,1.0,10.0,1.0190272253582888,13:32:21.974448
609,25000,buy,2020-08-10,90.0,,,,6.0,,4.0,1.0194764886844452,13:32:23.165777
610,50000,buy,2020-08-10,95.0,,,,3.0,,2.0,1.0197061506490475,13:32:23.999027
611,100000,buy,2020-08-10,97.0,,,,2.0,,1.0,1.0199838947420354,13:32:25.157095
612,200000,buy,2020-08-10,97.0,2.0,,,1.0,,,1.0204417298467767,13:32:26.452597
613,500000,buy,2020-08-10,73.0,27.0,,,,,,1.0214358522540987,13:32:27.684848
614,1000000,buy,2020-08-10,64.0,35.0,,,,1.0,,1.0228707270019355,13:32:28.669781
615,1500000,buy,2020-08-10,62.0,37.0,,,,1.0,,1.0244062764553872,13:32:29.230079
616,10000,sell,2020-08-10,,100.0,,,,,,1.0203713053204413,13:32:29.833869
617,25000,sell,2020-08-10,,100.0,,,,,,1.020285999015888,13:32:30.804294
618,50000,sell,2020-08-10,,100.0,,,,,,1.0201453573409631,13:32:32.082756
619,100000,sell,2020-08-10,,100.0,,,,,,1.0198696939786385,13:32:32.875467
620,200000,sell,2020-08-10,15.0,85.0,,,,,,1.019378436675381,13:32:34.366504
621,500000,sell,2020-08-10,39.0,61.0,,,,,,1.0185189698511703,13:32:35.578140
622,1000000,sell,2020-08-10,47.0,53.0,,,,,,1.0174303563739102,13:32:36.677690
623,1500000,sell,2020-08-10,48.0,51.0,,,,,1.0,1.0164809621363131,13:32:37.374064
624,10000,buy,2020-08-10,75.0,,,,14.0,1.0,10.0,1.0190271485586033,13:33:11.269660
625,25000,buy,2020-08-10,90.0,,,,6.0,,4.0,1.0194763961701248,13:33:12.704200
626,50000,buy,2020-08-10,95.0,,,,3.0,,2.0,1.019706052467002,13:33:13.862829
627,100000,buy,2020-08-10,97.0,,,,2.0,,1.0,1.0199837934485638,13:33:14.720554
628,200000,buy,2020-08-10,96.0,2.0,,,1.0,,1.0,1.0204283816967914,13:33:16.008460
629,500000,buy,2020-08-10,73.0,27.0,,,,,,1.0214357745524312,13:33:16.777498
630,1000000,buy,2020-08-10,65.0,35.0,,,,,,1.022872220890607,13:33:17.864285
631,1500000,buy,2020-08-10,62.0,37.0,,,,1.0,,1.0244147758998023,13:33:18.442683
632,10000,sell,2020-08-10,,100.0,,,,,,1.020371302489331,13:33:19.761911
633,25000,sell,2020-08-10,,100.0,,,,,,1.0202859948400942,13:33:21.104738
634,50000,sell,2020-08-10,,100.0,,,,,,1.0201453509724823,13:33:21.847604
635,100000,sell,2020-08-10,,100.0,,,,,,1.0198696833999636,13:33:23.119268
636,200000,sell,2020-08-10,15.0,85.0,,,,,,1.019378423048471,13:33:24.339156
637,500000,sell,2020-08-10,39.0,61.0,,,,,,1.0185189542435806,13:33:25.542719
638,1000000,sell,2020-08-10,47.0,53.0,,,,,,1.0174303358257615,13:33:26.855118
639,1500000,sell,2020-08-10,48.0,51.0,,,,,1.0,1.016479187169207,13:33:28.122224
640,10000,buy,2020-08-10,76.0,,,,14.0,,10.0,1.0190292117267967,13:33:45.939499
641,25000,buy,2020-08-10,90.0,,,,6.0,,4.0,1.0194763961701248,13:33:47.393056
642,50000,buy,2020-08-10,95.0,,,,3.0,,2.0,1.019706052467002,13:33:48.544801
643,100000,buy,2020-08-10,97.0,,,,2.0,,1.0,1.0199837934485638,13:33:49.655812
644,200000,buy,2020-08-10,96.0,2.0,,,1.0,,1.0,1.020428381692173,13:33:50.393184
645,500000,buy,2020-08-10,73.0,27.0,,,,,,1.0214357744861098,13:33:51.793422
646,1000000,buy,2020-08-10,65.0,35.0,,,,,,1.0228722207950245,13:33:52.501758
647,1500000,buy,2020-08-10,62.0,37.0,,,,1.0,,1.0244109291751744,13:33:53.821934
648,10000,sell,2020-08-10,,100.0,,,,,,1.0203713022597447,13:33:54.627309
649,25000,sell,2020-08-10,,100.0,,,,,,1.0202859946121277,13:33:55.356457
650,50000,sell,2020-08-10,,100.0,,,,,,1.020145350747174,13:33:56.687872
651,100000,sell,2020-08-10,,100.0,,,,,,1.0198696831798215,13:33:57.957501
652,200000,sell,2020-08-10,15.0,85.0,,,,,,1.0193784228672258,13:33:59.202132
653,500000,sell,2020-08-10,39.0,61.0,,,,,,1.0185189541210515,13:33:59.959638
654,1000000,sell,2020-08-10,47.0,53.0,,,,,,1.0174303357289165,13:34:00.686811
655,1500000,sell,2020-08-10,48.0,51.0,,,,,1.0,1.0164791870842889,13:34:01.372616
656,10000,buy,2020-08-10,97.0,,,,2.0,1.0,,1.0180362129983558,16:19:34.894497
657,25000,buy,2020-08-10,99.0,,,,1.0,,,1.0181000601365342,16:19:35.689241
658,50000,buy,2020-08-10,100.0,,,,,,,1.0181966995255682,16:19:36.524973
659,100000,buy,2020-08-10,100.0,,,,,,,1.0183864145934902,16:19:37.514656
660,200000,buy,2020-08-10,83.0,13.0,,,,,4.0,1.018727707790725,16:19:38.912209
661,500000,buy,2020-08-10,66.0,32.0,,,,,2.0,1.0194666814980158,16:19:40.197795
662,1000000,buy,2020-08-10,60.0,37.0,,,,1.0,2.0,1.0206758769685074,16:19:41.542364
663,1500000,buy,2020-08-10,59.0,39.0,,,,1.0,1.0,1.0220126770069198,16:19:42.525049
664,10000,sell,2020-08-10,,100.0,,,,,,1.0181657669132813,16:19:44.440434
665,25000,sell,2020-08-10,,100.0,,,,,,1.0180934897067164,16:19:45.685036
666,50000,sell,2020-08-10,,100.0,,,,,,1.0179742600824222,16:19:46.953630
667,100000,sell,2020-08-10,,100.0,,,,,,1.0177403171757076,16:19:47.712386
668,200000,sell,2020-08-10,24.0,76.0,,,,,,1.017385509949808,16:19:48.618095
669,500000,sell,2020-08-10,42.0,57.0,,,,,1.0,1.0167080995443165,16:19:49.444092
670,1000000,sell,2020-08-10,46.0,51.0,,,,,3.0,1.0157867013366555,16:19:50.224842
671,1500000,sell,2020-08-10,46.0,49.0,,2.0,,,3.0,1.0149756088811654,16:19:51.596402
672,10000,buy,2020-08-10,93.0,,,,,7.0,,1.018024406170105,16:20:13.686464
673,25000,buy,2020-08-10,96.0,,,,,4.0,,1.018085866851388,16:20:14.440922
674,50000,buy,2020-08-10,98.0,,,,,2.0,,1.018180612618539,16:20:15.319274
675,100000,buy,2020-08-10,98.0,,,,,2.0,,1.0183685084463077,16:20:16.977477
676,200000,buy,2020-08-10,82.0,13.0,,,,1.0,4.0,1.0187139499528757,16:20:18.127630
677,500000,buy,2020-08-10,65.0,32.0,,,,1.0,2.0,1.0194487142771265,16:20:19.419744
678,1000000,buy,2020-08-10,60.0,37.0,,,,1.0,2.0,1.020652254607245,16:20:20.317613
679,1500000,buy,2020-08-10,59.0,39.0,,,,1.0,1.0,1.0219889165398295,16:20:21.251085
680,10000,sell,2020-08-10,,100.0,,,,,,1.0181657658601213,16:20:22.481893
681,25000,sell,2020-08-10,,100.0,,,,,,1.0180934886606658,16:20:23.282542
682,50000,sell,2020-08-10,,100.0,,,,,,1.0179742590480483,16:20:24.591194
683,100000,sell,2020-08-10,,100.0,,,,,,1.0177403161640575,16:20:26.063624
684,200000,sell,2020-08-10,24.0,76.0,,,,,,1.0173845765629221,16:20:26.878361
685,500000,sell,2020-08-10,42.0,58.0,,,,,,1.0167015079943567,16:20:28.223984
686,1000000,sell,2020-08-10,47.0,53.0,,,,,,1.0157582005448502,16:20:29.551092
687,1500000,sell,2020-08-10,48.0,50.0,,2.0,,,,1.014924543514102,16:20:30.644186
688,10000,buy,2020-08-10,87.0,,,,,13.0,,1.0179894881094091,16:21:23.963781
689,25000,buy,2020-08-10,94.0,,,,,6.0,,1.01806918353986,16:21:25.413805
690,50000,buy,2020-08-10,96.0,,,,,4.0,,1.0181700359559693,16:21:26.788007
691,100000,buy,2020-08-10,98.0,,,,,2.0,,1.0183615916316056,16:21:28.169942
692,200000,buy,2020-08-10,82.0,12.0,,,,2.0,4.0,1.0187083837914066,16:21:28.974986
693,500000,buy,2020-08-10,65.0,32.0,,,,1.0,2.0,1.0194452533092735,16:21:30.016154
694,1000000,buy,2020-08-10,60.0,37.0,,,,1.0,2.0,1.0206482469988178,16:21:31.344855
695,1500000,buy,2020-08-10,59.0,39.0,,,,1.0,1.0,1.0219854560524928,16:21:32.306110
696,10000,sell,2020-08-10,,100.0,,,,,,1.0181657640410269,16:21:32.976086
697,25000,sell,2020-08-10,,100.0,,,,,,1.0180934868538516,16:21:33.585143
698,50000,sell,2020-08-10,,100.0,,,,,,1.0179742572614021,16:21:34.376829
699,100000,sell,2020-08-10,,100.0,,,,,,1.0177403144166621,16:21:35.160554
700,200000,sell,2020-08-10,24.0,76.0,,,,,,1.0173845752648056,16:21:36.532495
701,500000,sell,2020-08-10,41.0,58.0,,,,,1.0,1.0167064982156655,16:21:37.795913
702,1000000,sell,2020-08-10,45.0,51.0,,,,,4.0,1.0158010325039357,16:21:38.950283
703,1500000,sell,2020-08-10,46.0,49.0,,2.0,,,3.0,1.0149921668269015,16:21:39.772286
704,10000,buy,2020-08-10,87.0,,,,,13.0,,1.0179894881094091,16:21:59.054436
705,25000,buy,2020-08-10,94.0,,,,,6.0,,1.01806918353986,16:22:00.263880
706,50000,buy,2020-08-10,96.0,,,,,4.0,,1.0181700359559693,16:22:01.618454
707,100000,buy,2020-08-10,98.0,,,,,2.0,,1.0183615916316056,16:22:03.294796
708,200000,buy,2020-08-10,82.0,12.0,,,,2.0,4.0,1.0187083835736843,16:22:04.338345
709,500000,buy,2020-08-10,65.0,32.0,,,,1.0,2.0,1.0194452526918154,16:22:05.777948
710,1000000,buy,2020-08-10,60.0,37.0,,,,1.0,2.0,1.0206482462101047,16:22:07.120772
711,1500000,buy,2020-08-10,59.0,39.0,,,,1.0,1.0,1.0219854551260903,16:22:07.877017
712,10000,sell,2020-08-10,,100.0,,,,,,1.018165762253847,16:22:09.323800
713,25000,sell,2020-08-10,,100.0,,,,,,1.0180934850787362,16:22:10.893065
714,50000,sell,2020-08-10,,100.0,,,,,,1.0179742555061013,16:22:11.715799
715,100000,sell,2020-08-10,,100.0,,,,,,1.0177403126999234,16:22:12.997887
716,200000,sell,2020-08-10,24.0,76.0,,,,,,1.0173845739894638,16:22:14.292770
717,500000,sell,2020-08-10,41.0,58.0,,,,,1.0,1.016706497298039,16:22:15.515801
718,1000000,sell,2020-08-10,45.0,51.0,,,,,4.0,1.0158010317661517,16:22:16.251469
719,1500000,sell,2020-08-10,46.0,49.0,,2.0,,,3.0,1.0149921661767944,16:22:17.198821
720,10000,buy,2020-08-10,99.0,,,,,1.0,,1.0180900044349828,16:23:13.071967
721,25000,buy,2020-08-10,100.0,,,,,,,1.018150594574437,16:23:14.368553
722,50000,buy,2020-08-10,100.0,,,,,,,1.0182445528364723,16:23:15.393224
723,100000,buy,2020-08-10,100.0,,,,,,,1.0184347253659156,16:23:16.658818
724,200000,buy,2020-08-10,81.0,15.0,,,,,4.0,1.0187707943457094,16:23:17.844442
725,500000,buy,2020-08-10,65.0,33.0,,,,,2.0,1.0195023252016922,16:23:19.220998
726,1000000,buy,2020-08-10,59.0,38.0,,,,1.0,2.0,1.0207090946648092,16:23:19.944764
727,1500000,buy,2020-08-10,58.0,40.0,,,,1.0,1.0,1.0220496004388457,16:23:20.721515
728,10000,sell,2020-08-10,,100.0,,,,,,1.018165760658151,16:23:21.958119
729,25000,sell,2020-08-10,,100.0,,,,,,1.018093483493812,16:23:22.824841
730,50000,sell,2020-08-10,,100.0,,,,,,1.017974253938869,16:23:23.665572
731,100000,sell,2020-08-10,,100.0,,,,,,1.017740311167121,16:23:24.825199
732,200000,sell,2020-08-10,26.0,74.0,,,,,,1.0173982754606976,16:23:26.103790
733,500000,sell,2020-08-10,42.0,57.0,,,,,1.0,1.0167285992899309,16:23:27.058484
734,1000000,sell,2020-08-10,46.0,50.0,,,,,4.0,1.015823997526861,16:23:27.784250
735,1500000,sell,2020-08-10,47.0,48.0,,2.0,,,3.0,1.0150144961322023,16:23:28.428050
736,10000,buy,2020-08-10,99.0,,,,,1.0,,1.0180900044349828,16:23:47.520199
737,25000,buy,2020-08-10,100.0,,,,,,,1.018150594574437,16:23:48.217201
738,50000,buy,2020-08-10,100.0,,,,,,,1.0182445528364723,16:23:48.962625
739,100000,buy,2020-08-10,100.0,,,,,,,1.0184347253659156,16:23:49.695230
740,200000,buy,2020-08-10,81.0,15.0,,,,,4.0,1.0187707943359536,16:23:50.964287
741,500000,buy,2020-08-10,65.0,33.0,,,,,2.0,1.0195023251788753,16:23:51.667769
742,1000000,buy,2020-08-10,60.0,38.0,,,,,2.0,1.0207078537868495,16:23:53.006738
743,1500000,buy,2020-08-10,58.0,40.0,,,,1.0,1.0,1.0220589605136328,16:23:53.962162
744,10000,sell,2020-08-10,,100.0,,,,,,1.0181657605942611,16:23:55.242260
745,25000,sell,2020-08-10,,100.0,,,,,,1.0180934834303534,16:23:56.452328
746,50000,sell,2020-08-10,,100.0,,,,,,1.0179742538761183,16:23:57.640414
747,100000,sell,2020-08-10,,100.0,,,,,,1.0177403111057484,16:23:58.321361
748,200000,sell,2020-08-10,26.0,74.0,,,,,,1.0173982754162267,16:23:59.601289
749,500000,sell,2020-08-10,42.0,57.0,,,,,1.0,1.0167285992576232,16:24:00.968622
750,1000000,sell,2020-08-10,46.0,50.0,,,,,4.0,1.015823997526861,16:24:01.754700
751,1500000,sell,2020-08-10,47.0,48.0,,2.0,,,3.0,1.0150144961322023,16:24:03.204576
752,10000,buy,2020-08-10,99.0,,,,,1.0,,1.0181062329571222,16:24:55.142680
753,25000,buy,2020-08-10,100.0,,,,,,,1.018167018928966,16:24:57.169589
754,50000,buy,2020-08-10,100.0,,,,,,,1.01826103020653,16:24:58.613606
755,100000,buy,2020-08-10,100.0,,,,,,,1.0184513103429487,16:24:59.977394
756,200000,buy,2020-08-10,81.0,15.0,,,,,4.0,1.0187843406115442,16:25:00.782675
757,500000,buy,2020-08-10,65.0,33.0,,,,,2.0,1.0195134402026877,16:25:02.658586
758,1000000,buy,2020-08-10,60.0,38.0,,,,,2.0,1.0207185280311628,16:25:03.519727
759,1500000,buy,2020-08-10,58.0,40.0,,,,1.0,1.0,1.0220702009120581,16:25:04.285648
760,10000,sell,2020-08-10,,100.0,,,,,,1.0181657569525473,16:25:05.120062
761,25000,sell,2020-08-10,,100.0,,,,,,1.0180934798132133,16:25:06.684928
762,50000,sell,2020-08-10,,100.0,,,,,,1.0179742502993376,16:25:07.771049
763,100000,sell,2020-08-10,,100.0,,,,,,1.0177403076075133,16:25:08.599569
764,200000,sell,2020-08-10,27.0,73.0,,,,,,1.0174025128213844,16:25:09.843726
765,500000,sell,2020-08-10,42.0,57.0,,,,,1.0,1.016735283572139,16:25:10.726818
766,1000000,sell,2020-08-10,46.0,50.0,,,,,4.0,1.0158311003409057,16:25:12.049591
767,1500000,sell,2020-08-10,47.0,48.0,,2.0,,,3.0,1.0150215559771822,16:25:12.969811
768,10000,buy,2020-08-10,99.0,,,,,1.0,,1.0181062329571222,16:25:31.110051
769,25000,buy,2020-08-10,100.0,,,,,,,1.018167018928966,16:25:32.357784
770,50000,buy,2020-08-10,100.0,,,,,,,1.01826103020653,16:25:33.646451
771,100000,buy,2020-08-10,100.0,,,,,,,1.0184513103429487,16:25:34.686118
772,200000,buy,2020-08-10,81.0,15.0,,,,,4.0,1.0187843403920416,16:25:35.422882
773,500000,buy,2020-08-10,65.0,33.0,,,,,2.0,1.0195134396893222,16:25:36.291525
774,1000000,buy,2020-08-10,60.0,38.0,,,,,2.0,1.0207196584703793,16:25:37.535653
775,1500000,buy,2020-08-10,58.0,40.0,,,,1.0,1.0,1.022073056778667,16:25:38.770471
776,10000,sell,2020-08-10,,100.0,,,,,,1.0181657555150696,16:25:40.054057
777,25000,sell,2020-08-10,,100.0,,,,,,1.0180934783854356,16:25:41.000267
778,50000,sell,2020-08-10,,100.0,,,,,,1.0179742488874908,16:25:41.986219
779,100000,sell,2020-08-10,,100.0,,,,,,1.017740306226671,16:25:42.882892
780,200000,sell,2020-08-10,27.0,73.0,,,,,,1.0174025118334835,16:25:44.309010
781,500000,sell,2020-08-10,42.0,57.0,,,,,1.0,1.0167352828452354,16:25:45.027584
782,1000000,sell,2020-08-10,46.0,50.0,,,,,4.0,1.0158310997567632,16:25:45.729359
783,1500000,sell,2020-08-10,47.0,48.0,,2.0,,,3.0,1.0150215554620052,16:25:46.458123
784,10000,buy,2020-08-10,99.0,,,,,1.0,,1.018115018617306,16:26:40.171526
785,25000,buy,2020-08-10,100.0,,,,,,,1.0181759289422045,16:26:40.987484
786,50000,buy,2020-08-10,100.0,,,,,,,1.0182699995976303,16:26:42.553186
787,100000,buy,2020-08-10,100.0,,,,,,,1.0184604005850972,16:26:43.932628
788,200000,buy,2020-08-10,80.0,15.0,,,,1.0,4.0,1.018791266994703,16:26:44.694042
789,500000,buy,2020-08-10,64.0,32.0,,,,1.0,3.0,1.0195135702685076,16:26:45.412117
790,1000000,buy,2020-08-10,59.0,38.0,,,,1.0,2.0,1.020700665579532,16:26:46.734962
791,1500000,buy,2020-08-10,58.0,40.0,,,,1.0,1.0,1.022044449714532,16:26:47.567875
792,10000,sell,2020-08-10,,100.0,,,,,,1.0181657547164744,16:26:48.843974
793,25000,sell,2020-08-10,,100.0,,,,,,1.0180934775922297,16:26:49.535812
794,50000,sell,2020-08-10,,100.0,,,,,,1.0179742481031353,16:26:50.749246
795,100000,sell,2020-08-10,,100.0,,,,,,1.0177403054595402,16:26:51.940599
796,200000,sell,2020-08-10,27.0,73.0,,,,,,1.01740486459947,16:26:53.286216
797,500000,sell,2020-08-10,42.0,57.0,,,,,1.0,1.0167387951400064,16:26:54.649663
798,1000000,sell,2020-08-10,46.0,50.0,,,,,4.0,1.015834710281032,16:26:55.868848
799,1500000,sell,2020-08-10,47.0,48.0,,2.0,,,3.0,1.015025032761231,16:26:56.820059
800,10000,buy,2020-08-10,95.0,,,,,5.0,,1.0181118325258691,16:27:16.099805
801,25000,buy,2020-08-10,97.0,,,,,3.0,,1.0181699660418757,16:27:17.178674
802,50000,buy,2020-08-10,98.0,,,,,2.0,,1.018263718005126,16:27:17.913027
803,100000,buy,2020-08-10,98.0,,,,,2.0,,1.018452328783824,16:27:18.753142
804,200000,buy,2020-08-10,80.0,15.0,,,,1.0,4.0,1.0187828838802224,16:27:19.927091
805,500000,buy,2020-08-10,64.0,32.0,,,,1.0,3.0,1.0195051880797472,16:27:21.205008
806,1000000,buy,2020-08-10,59.0,38.0,,,,1.0,2.0,1.020700664750272,16:27:22.418802
807,1500000,buy,2020-08-10,58.0,40.0,,,,1.0,1.0,1.0220444487390772,16:27:23.593633
808,10000,sell,2020-08-10,,100.0,,,,,,1.018165752895632,16:27:24.926612
809,25000,sell,2020-08-10,,100.0,,,,,,1.018093475783674,16:27:26.071388
810,50000,sell,2020-08-10,,100.0,,,,,,1.0179742463147594,16:27:27.217379
811,100000,sell,2020-08-10,,100.0,,,,,,1.0177403037104367,16:27:27.822078
812,200000,sell,2020-08-10,27.0,73.0,,,,,,1.0174048633481025,16:27:28.613933
813,500000,sell,2020-08-10,42.0,57.0,,,,,1.0,1.0167387942192416,16:27:29.520157
814,1000000,sell,2020-08-10,46.0,50.0,,,,,4.0,1.0158347095411016,16:27:30.175870
815,1500000,sell,2020-08-10,47.0,48.0,,2.0,,,3.0,1.0150250321086582,16:27:30.834537
816,10000,buy,2020-08-10,87.0,,,,,13.0,,1.0180699358234726,16:28:24.317960
817,25000,buy,2020-08-10,94.0,,,,,6.0,,1.0181514139460865,16:28:25.667526
818,50000,buy,2020-08-10,96.0,,,,,4.0,,1.0182530694413325,16:28:26.783169
819,100000,buy,2020-08-10,97.0,,,,,3.0,,1.0184458256478446,16:28:27.564918
820,200000,buy,2020-08-10,79.0,15.0,,,,2.0,4.0,1.0187786802502334,16:28:28.334672
821,500000,buy,2020-08-10,64.0,33.0,,,,1.0,2.0,1.019503275995935,16:28:29.402330
822,1000000,buy,2020-08-10,59.0,38.0,,,,1.0,2.0,1.0207039509234268,16:28:30.589949
823,1500000,buy,2020-08-10,58.0,40.0,,,,1.0,1.0,1.0220418957674606,16:28:31.414684
824,10000,sell,2020-08-10,,100.0,,,,,,1.018165751169424,16:28:32.212428
825,25000,sell,2020-08-10,,100.0,,,,,,1.0180934740691103,16:28:33.013171
826,50000,sell,2020-08-10,,100.0,,,,,,1.0179742446193207,16:28:33.677959
827,100000,sell,2020-08-10,,100.0,,,,,,1.0177403020522184,16:28:34.404725
828,200000,sell,2020-08-10,27.0,73.0,,,,,,1.0174057206856477,16:28:35.663322
829,500000,sell,2020-08-10,43.0,56.0,,,,,1.0,1.016740147745548,16:28:36.391088
830,1000000,sell,2020-08-10,46.0,50.0,,,,,4.0,1.0158361564949339,16:28:37.043879
831,1500000,sell,2020-08-10,47.0,48.0,,2.0,,,3.0,1.0150265055539325,16:28:38.186513
832,10000,buy,2020-08-10,87.0,,,,,13.0,,1.0180699358234726,16:28:56.531078
833,25000,buy,2020-08-10,94.0,,,,,6.0,,1.0181514139460865,16:28:57.716351
834,50000,buy,2020-08-10,96.0,,,,,4.0,,1.0182530694413325,16:28:59.143135
835,100000,buy,2020-08-10,97.0,,,,,3.0,,1.0184458256478446,16:29:00.522510
836,200000,buy,2020-08-10,79.0,15.0,,,,2.0,4.0,1.0187786802502334,16:29:01.833703
837,500000,buy,2020-08-10,64.0,32.0,,,,1.0,3.0,1.0194993917751156,16:29:03.224040
838,1000000,buy,2020-08-10,59.0,38.0,,,,1.0,2.0,1.0206949632812008,16:29:04.019784
839,1500000,buy,2020-08-10,58.0,40.0,,,,1.0,1.0,1.0220405443729088,16:29:05.462562
840,10000,sell,2020-08-10,,100.0,,,,,,1.018165751169424,16:29:06.320597
841,25000,sell,2020-08-10,,100.0,,,,,,1.0180934740691103,16:29:07.141581
842,50000,sell,2020-08-10,,100.0,,,,,,1.0179742446193207,16:29:08.557591
843,100000,sell,2020-08-10,,100.0,,,,,,1.0177403020522184,16:29:09.439532
844,200000,sell,2020-08-10,27.0,73.0,,,,,,1.0174057206856477,16:29:10.915641
845,500000,sell,2020-08-10,43.0,56.0,,,,,1.0,1.016738587545548,16:29:12.241247
846,1000000,sell,2020-08-10,46.0,50.0,,,,,4.0,1.0158341070049337,16:29:13.283276
847,1500000,sell,2020-08-10,47.0,49.0,,2.0,,,2.0,1.0150102742227458,16:29:14.557879
848,10000,buy,2020-08-10,67.0,,,,,33.0,,1.0177927748697668,16:30:05.443272
849,25000,buy,2020-08-10,86.0,,,,,14.0,,1.018031527508238,16:30:06.733864
850,50000,buy,2020-08-10,92.0,,,,,8.0,,1.0181855536378241,16:30:07.847503
851,100000,buy,2020-08-10,96.0,,,,,4.0,,1.018404363491743,16:30:09.316032
852,200000,buy,2020-08-10,79.0,14.0,,,,3.0,4.0,1.0187529366307375,16:30:10.308982
853,500000,buy,2020-08-10,64.0,32.0,,,,2.0,2.0,1.0194951949191182,16:30:11.466959
854,1000000,buy,2020-08-10,60.0,38.0,,,,1.0,1.0,1.0207108372783416,16:30:12.304378
855,1500000,buy,2020-08-10,59.0,40.0,,,,1.0,,1.022094962973027,16:30:13.823195
856,10000,sell,2020-08-10,,100.0,,,,,,1.018165746821938,16:30:14.697679
857,25000,sell,2020-08-10,,100.0,,,,,,1.0180934697509523,16:30:15.912959
858,50000,sell,2020-08-10,,100.0,,,,,,1.0179742403493293,16:30:16.575726
859,100000,sell,2020-08-10,,100.0,,,,,,1.017740297875967,16:30:17.924053
860,200000,sell,2020-08-10,27.0,73.0,,,,,,1.0174057176977982,16:30:19.089015
861,500000,sell,2020-08-10,43.0,56.0,,,,,1.0,1.0167367160110639,16:30:20.516539
862,1000000,sell,2020-08-10,48.0,52.0,,,,,,1.0157948558170797,16:30:21.434593
863,1500000,sell,2020-08-10,48.0,50.0,,2.0,,,,1.0149598314105501,16:30:22.719063
864,10000,buy,2020-08-10,68.0,,,,2.0,30.0,,1.0178506803994358,16:30:40.955411
865,25000,buy,2020-08-10,86.0,,,,1.0,13.0,,1.018055688979421,16:30:41.587021
866,50000,buy,2020-08-10,92.0,,,,1.0,7.0,,1.01820195725461,16:30:42.619638
867,100000,buy,2020-08-10,96.0,,,,,4.0,,1.0184134309495987,16:30:43.982450
868,200000,buy,2020-08-10,79.0,15.0,,,,2.0,4.0,1.0187595154562321,16:30:44.787086
869,500000,buy,2020-08-10,64.0,33.0,,,,1.0,2.0,1.0194936833780328,16:30:45.579063
870,1000000,buy,2020-08-10,59.0,38.0,,,,1.0,2.0,1.0206934018220046,16:30:46.836381
871,1500000,buy,2020-08-10,58.0,40.0,,,,1.0,1.0,1.0220340208914018,16:30:48.047069
872,10000,sell,2020-08-10,,100.0,,,,,,1.0181657457031004,16:30:48.723707
873,25000,sell,2020-08-10,,100.0,,,,,,1.0180934686396619,16:30:49.430561
874,50000,sell,2020-08-10,,100.0,,,,,,1.017974239250435,16:30:50.629800
875,100000,sell,2020-08-10,,100.0,,,,,,1.0177402968011973,16:30:51.805696
876,200000,sell,2020-08-10,27.0,73.0,,,,,,1.0174057169288666,16:30:53.049463
877,500000,sell,2020-08-10,43.0,56.0,,,,,1.0,1.016739217024028,16:30:53.828502
878,1000000,sell,2020-08-10,46.0,50.0,,,,,4.0,1.0158424947834546,16:30:55.048508
879,1500000,sell,2020-08-10,47.0,48.0,,2.0,,,3.0,1.0150308709280038,16:30:56.333643
880,10000,buy,2020-08-10,91.0,,,,1.0,8.0,,1.0180979945978963,16:31:47.677488
881,25000,buy,2020-08-10,95.0,,,,1.0,4.0,,1.0181653055944908,16:31:48.854304
882,50000,buy,2020-08-10,97.0,,,,,3.0,,1.0182631200862164,16:31:50.252295
883,100000,buy,2020-08-10,98.0,,,,,2.0,,1.0184531523336722,16:31:51.171546
884,200000,buy,2020-08-10,80.0,15.0,,,,1.0,4.0,1.0187842911715117,16:31:51.984853
885,500000,buy,2020-08-10,64.0,33.0,,,,1.0,2.0,1.0195069348707948,16:31:53.525365
886,1000000,buy,2020-08-10,59.0,38.0,,,,1.0,2.0,1.0207066471872008,16:31:54.398162
887,1500000,buy,2020-08-10,58.0,40.0,,,,1.0,1.0,1.0220472638202776,16:31:55.633325
888,10000,sell,2020-08-10,,100.0,,,,,,1.0181657447441272,16:31:56.873303
889,25000,sell,2020-08-10,,100.0,,,,,,1.018093467687158,16:31:58.102588
890,50000,sell,2020-08-10,,100.0,,,,,,1.0179742367389235,16:31:58.929675
891,100000,sell,2020-08-10,,100.0,,,,,,1.0177402943448226,16:32:00.128170
892,200000,sell,2020-08-10,27.0,73.0,,,,,,1.017405715171483,16:32:01.047546
893,500000,sell,2020-08-10,43.0,56.0,,,,,1.0,1.0167392157509294,16:32:02.258923
894,1000000,sell,2020-08-10,46.0,50.0,,,,,4.0,1.0158424937442714,16:32:03.622754
895,1500000,sell,2020-08-10,47.0,48.0,,2.0,,,3.0,1.0150308700114838,16:32:04.351653
896,10000,buy,2020-08-10,95.0,,,,3.0,2.0,,1.018083872534368,16:32:22.525457
897,25000,buy,2020-08-10,98.0,,,,1.0,1.0,,1.0181617395551574,16:32:23.207359
898,50000,buy,2020-08-10,99.0,,,,1.0,,,1.0182695061991454,16:32:24.363857
899,100000,buy,2020-08-10,100.0,,,,,,,1.0184635990550663,16:32:25.142766
900,200000,buy,2020-08-10,80.0,16.0,,,,,4.0,1.018794406597308,16:32:26.031766
901,500000,buy,2020-08-10,65.0,33.0,,,,,2.0,1.0195218210716266,16:32:27.496464
902,1000000,buy,2020-08-10,60.0,38.0,,,,,2.0,1.0207324069734385,16:32:28.421343
903,1500000,buy,2020-08-10,58.0,40.0,,,,1.0,1.0,1.022079378510997,16:32:29.790090
904,10000,sell,2020-08-10,,100.0,,,,,,1.0181657431460085,16:32:31.047277
905,25000,sell,2020-08-10,,100.0,,,,,,1.0180934660998198,16:32:31.791819
906,50000,sell,2020-08-10,,100.0,,,,,,1.0179742367389235,16:32:32.538470
907,100000,sell,2020-08-10,,100.0,,,,,,1.0177402943448226,16:32:33.203455
908,200000,sell,2020-08-10,27.0,73.0,,,,,,1.017405715171483,16:32:33.766470
909,500000,sell,2020-08-10,43.0,56.0,,,,,1.0,1.0167392157509294,16:32:35.108650
910,1000000,sell,2020-08-10,46.0,50.0,,,,,4.0,1.0158424937442714,16:32:36.272843
911,1500000,sell,2020-08-10,47.0,48.0,,2.0,,,3.0,1.0150308700114838,16:32:37.572548
912,10000,buy,2020-08-10,98.0,,,,,2.0,,1.018105134781582,16:33:28.404636
913,25000,buy,2020-08-10,99.0,,,,,1.0,,1.0181535751804405,16:33:29.638241
914,50000,buy,2020-08-10,100.0,,,,,,,1.0182549170976576,16:33:31.309704
915,100000,buy,2020-08-10,100.0,,,,,,,1.018445101294906,16:33:32.578296
916,200000,buy,2020-08-10,81.0,15.0,,,,,4.0,1.0187792091072905,16:33:33.506000
917,500000,buy,2020-08-10,65.0,33.0,,,,,2.0,1.0195100222750841,16:33:34.205776
918,1000000,buy,2020-08-10,60.0,38.0,,,,,2.0,1.0207210949146295,16:33:35.543347
919,1500000,buy,2020-08-10,59.0,40.0,,,,,1.0,1.0220764318618303,16:33:36.775952
920,10000,sell,2020-08-10,,100.0,,,,,,1.018165739981765,16:33:37.915585
921,25000,sell,2020-08-10,,100.0,,,,,,1.0180934629569225,16:33:39.163186
922,50000,sell,2020-08-10,,100.0,,,,,,1.0179742336310844,16:33:40.489761
923,100000,sell,2020-08-10,,100.0,,,,,,1.017740291305212,16:33:41.685378
924,200000,sell,2020-08-10,26.0,74.0,,,,,,1.0174009469862444,16:33:42.708049
925,500000,sell,2020-08-10,42.0,57.0,,,,,1.0,1.0167319824638577,16:33:43.299860
926,1000000,sell,2020-08-10,46.0,50.0,,,,,4.0,1.0158346186068636,16:33:44.079610
927,1500000,sell,2020-08-10,47.0,48.0,,2.0,,,3.0,1.015018531444396,16:33:45.458168
928,10000,buy,2020-08-10,98.0,,,,,2.0,,1.018095420001135,16:34:03.417070
929,25000,buy,2020-08-10,99.0,,,,,1.0,,1.0181617056000498,16:34:04.651273
930,50000,buy,2020-08-10,100.0,,,,,,,1.0182631727566214,16:34:05.582996
931,100000,buy,2020-08-10,100.0,,,,,,,1.018453443096143,16:34:07.003178
932,200000,buy,2020-08-10,81.0,15.0,,,,,4.0,1.0187860551377907,16:34:08.573677
933,500000,buy,2020-08-10,65.0,33.0,,,,,2.0,1.0195157090177744,16:34:10.120780
934,1000000,buy,2020-08-10,60.0,38.0,,,,,2.0,1.0207266656629863,16:34:11.358014
935,1500000,buy,2020-08-10,59.0,40.0,,,,,1.0,1.0220814377545642,16:34:12.296881
936,10000,sell,2020-08-10,,100.0,,,,,,1.01816573937435,16:34:13.591982
937,25000,sell,2020-08-10,,100.0,,,,,,1.0180934623536047,16:34:15.093126
938,50000,sell,2020-08-10,,100.0,,,,,,1.0179742330344959,16:34:16.533443
939,100000,sell,2020-08-10,,100.0,,,,,,1.0177402907217197,16:34:17.596273
940,200000,sell,2020-08-10,27.0,73.0,,,,,,1.0174030836208598,16:34:19.034056
941,500000,sell,2020-08-10,42.0,57.0,,,,,1.0,1.0167352624754806,16:34:20.142741
942,1000000,sell,2020-08-10,46.0,50.0,,,,,4.0,1.0158384478025217,16:34:21.440825
943,1500000,sell,2020-08-10,47.0,48.0,,2.0,,,3.0,1.0150269594161776,16:34:22.582605
944,10000,buy,2020-08-10,100.0,,,,,,,1.0181131177536646,16:35:18.622509
945,25000,buy,2020-08-10,100.0,,,,,,,1.0181691661243992,16:35:19.407509
946,50000,buy,2020-08-10,100.0,,,,,,,1.0182631727566214,16:35:20.181685
947,100000,buy,2020-08-10,100.0,,,,,,,1.018453443096143,16:35:21.041263
948,200000,buy,2020-08-10,84.0,12.0,,,,,4.0,1.0188002005569652,16:35:21.699263
949,500000,buy,2020-08-10,66.0,32.0,,,,,2.0,1.0195496489997191,16:35:23.017014
950,1000000,buy,2020-08-10,61.0,37.0,,,,,2.0,1.0207734677299134,16:35:24.302323
951,1500000,buy,2020-08-10,59.0,40.0,,,,,1.0,1.022133720939759,16:35:25.568172
952,10000,sell,2020-08-10,,100.0,,,,,,1.0178894908513472,16:35:26.307496
953,25000,sell,2020-08-10,,100.0,,,,,,1.0178188533197392,16:35:27.367075
954,50000,sell,2020-08-10,,100.0,,,,,,1.0177023188783993,16:35:28.661046
955,100000,sell,2020-08-10,15.0,85.0,,,,,,1.01749114589024,16:35:29.879539
956,200000,sell,2020-08-10,34.0,66.0,,,,,,1.017220501166845,16:35:30.550010
957,500000,sell,2020-08-10,45.0,54.0,,,,,1.0,1.0165978032727778,16:35:31.884230
958,1000000,sell,2020-08-10,47.0,49.0,,,,,4.0,1.015724314800586,16:35:33.285192
959,1500000,sell,2020-08-10,48.0,47.0,,2.0,,,3.0,1.0149244405943667,16:35:34.613814
960,10000,buy,2020-08-10,100.0,,,,,,,1.01811312060923,16:35:54.496473
961,25000,buy,2020-08-10,100.0,,,,,,,1.0181691732971752,16:35:55.332127
962,50000,buy,2020-08-10,100.0,,,,,,,1.0182631872162138,16:35:56.175277
963,100000,buy,2020-08-10,95.0,5.0,,,,,,1.0184513411250966,16:35:57.108781
964,200000,buy,2020-08-10,73.0,24.0,,,,,3.0,1.018731770624972,16:35:57.737822
965,500000,buy,2020-08-10,62.0,36.0,,,,,2.0,1.0194124803947588,16:35:58.386815
966,1000000,buy,2020-08-10,58.0,40.0,,,,,2.0,1.0205995171261162,16:35:59.909136
967,1500000,buy,2020-08-10,58.0,41.0,,,,,1.0,1.021936025846169,16:36:01.299236
968,10000,sell,2020-08-10,,100.0,,,,,,1.0178894899169637,16:36:02.406677
969,25000,sell,2020-08-10,,100.0,,,,,,1.0178188523916176,16:36:03.790075
970,50000,sell,2020-08-10,,100.0,,,,,,1.0177023179605627,16:36:04.937454
971,100000,sell,2020-08-10,15.0,85.0,,,,,,1.017491145122055,16:36:05.735963
972,200000,sell,2020-08-10,34.0,66.0,,,,,,1.017220500446383,16:36:06.651234
973,500000,sell,2020-08-10,45.0,54.0,,,,,1.0,1.0165978027169726,16:36:07.567241
974,1000000,sell,2020-08-10,47.0,49.0,,,,,4.0,1.0157243143269141,16:36:08.958506
975,1500000,sell,2020-08-10,48.0,47.0,,2.0,,,3.0,1.01492444017608,16:36:09.716435
976,10000,buy,2020-08-10,,,50.0,,,50.0,,1.0171227907908673,16:37:00.993680
977,25000,buy,2020-08-10,77.0,,,,,23.0,,1.0177942675896932,16:37:02.482102
978,50000,buy,2020-08-10,88.0,,,,,12.0,,1.018053752414219,16:37:03.679896
979,100000,buy,2020-08-10,91.0,2.0,,,,7.0,,1.0183247986910282,16:37:04.677881
980,200000,buy,2020-08-10,73.0,23.0,,,,4.0,,1.0186543488040036,16:37:06.021913
981,500000,buy,2020-08-10,61.0,35.0,,,,2.0,2.0,1.019358832468405,16:37:06.812226
982,1000000,buy,2020-08-10,58.0,39.0,,,,1.0,2.0,1.0205473778071952,16:37:07.711597
983,1500000,buy,2020-08-10,57.0,41.0,,,,1.0,1.0,1.0218680752574623,16:37:08.951265
984,10000,sell,2020-08-10,,100.0,,,,,,1.0178894870527397,16:37:09.783954
985,25000,sell,2020-08-10,,100.0,,,,,,1.017818849546589,16:37:11.033066
986,50000,sell,2020-08-10,,100.0,,,,,,1.017702315147064,16:37:11.830224
987,100000,sell,2020-08-10,15.0,85.0,,,,,,1.0174911477457025,16:37:13.084368
988,200000,sell,2020-08-10,34.0,66.0,,,,,,1.0172205105336087,16:37:13.920093
989,500000,sell,2020-08-10,45.0,54.0,,,,,1.0,1.0165978161795453,16:37:14.633416
990,1000000,sell,2020-08-10,47.0,49.0,,,,,4.0,1.0157243278432355,16:37:16.009714
991,1500000,sell,2020-08-10,48.0,47.0,,2.0,,,3.0,1.014924453361538,16:37:16.663036
992,10000,buy,2020-08-10,,,49.0,,,51.0,,1.0160170606847312,16:37:33.886929
993,25000,buy,2020-08-10,70.0,,,,,30.0,,1.0174903123558015,16:37:34.636890
994,50000,buy,2020-08-10,84.0,,,,,16.0,,1.0178944656849611,16:37:35.965614
995,100000,buy,2020-08-10,90.0,1.0,,,,9.0,,1.0182379870271503,16:37:36.883902
996,200000,buy,2020-08-10,72.0,23.0,,,,5.0,,1.0186067358494526,16:37:38.240137
997,500000,buy,2020-08-10,61.0,35.0,,,,2.0,2.0,1.019335775039764,16:37:39.570628
998,1000000,buy,2020-08-10,57.0,39.0,,,,2.0,2.0,1.020531082038379,16:37:40.736812
999,1500000,buy,2020-08-10,57.0,41.0,,,,1.0,1.0,1.0218565163638855,16:37:41.944880
1000,10000,sell,2020-08-10,,100.0,,,,,,1.017889486772564,16:37:42.840388
1001,25000,sell,2020-08-10,,100.0,,,,,,1.0178188492682914,16:37:44.187168
1002,50000,sell,2020-08-10,,100.0,,,,,,1.0177023148718507,16:37:44.978305
1003,100000,sell,2020-08-10,15.0,85.0,,,,,,1.0174911475153627,16:37:45.624030
1004,200000,sell,2020-08-10,34.0,66.0,,,,,,1.017220510358393,16:37:47.022135
1005,500000,sell,2020-08-10,45.0,54.0,,,,,1.0,1.0165978160443743,16:37:47.781614
1006,1000000,sell,2020-08-10,47.0,49.0,,,,,4.0,1.0157243277310717,16:37:49.138154
1007,1500000,sell,2020-08-10,48.0,47.0,,2.0,,,3.0,1.01492445326249,16:37:50.280864
1008,10000,buy,2020-08-10,,,48.0,,,52.0,,1.0160279149247011,16:38:42.039716
1009,25000,buy,2020-08-10,70.0,,,,,30.0,,1.0174867727598094,16:38:43.358293
1010,50000,buy,2020-08-10,84.0,,,,,16.0,,1.0178916006359102,16:38:44.090058
1011,100000,buy,2020-08-10,90.0,1.0,,,,9.0,,1.01823545611764,16:38:44.661872
1012,200000,buy,2020-08-10,72.0,23.0,,,,5.0,,1.0186048393444136,16:38:45.919471
1013,500000,buy,2020-08-10,61.0,35.0,,,,2.0,2.0,1.019334286301324,16:38:47.596934
1014,1000000,buy,2020-08-10,57.0,39.0,,,,2.0,2.0,1.0205295188744978,16:38:48.981490
1015,1500000,buy,2020-08-10,57.0,41.0,,,,1.0,1.0,1.0218561094532144,16:38:50.178106
1016,10000,sell,2020-08-10,,100.0,,,,,,1.0178894846245645,16:38:50.914870
1017,25000,sell,2020-08-10,,100.0,,,,,,1.0178188471346878,16:38:51.790588
1018,50000,sell,2020-08-10,,100.0,,,,,,1.0177023127618932,16:38:53.183142
1019,100000,sell,2020-08-10,15.0,85.0,,,,,,1.0174908463019214,16:38:53.890915
1020,200000,sell,2020-08-10,34.0,66.0,,,,,,1.017219839900955,16:38:55.220488
1021,500000,sell,2020-08-10,45.0,54.0,,,,,1.0,1.016595446983266,16:38:55.904268
1022,1000000,sell,2020-08-10,47.0,49.0,,,,,4.0,1.0157197934567206,16:38:56.615043
1023,1500000,sell,2020-08-10,48.0,47.0,,2.0,,,3.0,1.0149135493846675,16:38:57.287825
1024,10000,buy,2020-08-10,,,50.0,,,50.0,,1.0159382222075175,16:39:16.311371
1025,25000,buy,2020-08-10,69.0,,,,,31.0,,1.017477803719486,16:39:17.472098
1026,50000,buy,2020-08-10,84.0,,,,,16.0,,1.0178868449503016,16:39:18.331134
1027,100000,buy,2020-08-10,90.0,1.0,,,,9.0,,1.0182327806106117,16:39:19.034693
1028,200000,buy,2020-08-10,72.0,23.0,,,,5.0,,1.0186033523297668,16:39:20.409699
1029,500000,buy,2020-08-10,61.0,35.0,,,,2.0,2.0,1.0193336901445558,16:39:21.764333
1030,1000000,buy,2020-08-10,58.0,39.0,,,,2.0,1.0,1.020543462571399,16:39:22.492099
1031,1500000,buy,2020-08-10,57.0,41.0,,,,1.0,1.0,1.02185872188884,16:39:23.318835
1032,10000,sell,2020-08-10,,100.0,,,,,,1.0178894829747163,16:39:24.231543
1033,25000,sell,2020-08-10,,100.0,,,,,,1.0178188454958972,16:39:25.487140
1034,50000,sell,2020-08-10,,100.0,,,,,,1.0177023111412655,16:39:26.238899
1035,100000,sell,2020-08-10,15.0,85.0,,,,,,1.017490844945537,16:39:27.237041
1036,200000,sell,2020-08-10,34.0,66.0,,,,,,1.0172198388691758,16:39:28.523776
1037,500000,sell,2020-08-10,46.0,54.0,,,,,,1.016592204332859,16:39:30.081454
1038,1000000,sell,2020-08-10,49.0,51.0,,,,,,1.0156719855732312,16:39:31.264075
1039,1500000,sell,2020-08-10,49.0,49.0,,2.0,,,,1.0148501720067733,16:39:32.141794
1040,10000,buy,2020-08-10,,,58.0,,,42.0,,1.0156872298900004,16:40:25.255916
1041,25000,buy,2020-08-10,69.0,,,,,31.0,,1.017475958175749,16:40:26.059020
1042,50000,buy,2020-08-10,84.0,,,,,16.0,,1.0178858895424057,16:40:26.876136
1043,100000,buy,2020-08-10,90.0,1.0,,,,9.0,,1.018232237499249,16:40:28.061263
1044,200000,buy,2020-08-10,72.0,23.0,,,,5.0,,1.0186030470690095,16:40:29.600969
1045,500000,buy,2020-08-10,61.0,35.0,,,,2.0,2.0,1.0193335678470503,16:40:30.537103
1046,1000000,buy,2020-08-10,57.0,39.0,,,,2.0,2.0,1.02052953868001,16:40:31.377255
1047,1500000,buy,2020-08-10,57.0,41.0,,,,1.0,1.0,1.0218550525970236,16:40:32.064978
1048,10000,sell,2020-08-10,,100.0,,,,,,1.0178894817295483,16:40:32.918679
1049,25000,sell,2020-08-10,,100.0,,,,,,1.0178188442590748,16:40:33.969986
1050,50000,sell,2020-08-10,,100.0,,,,,,1.0177023099181508,16:40:34.660923
1051,100000,sell,2020-08-10,15.0,85.0,,,,,,1.0174908440536539,16:40:35.925266
1052,200000,sell,2020-08-10,34.0,66.0,,,,,,1.017219838385881,16:40:36.684940
1053,500000,sell,2020-08-10,45.0,54.0,,,,,1.0,1.016596769325295,16:40:38.060500
1054,1000000,sell,2020-08-10,47.0,49.0,,,,,4.0,1.0157204065025007,16:40:39.272202
1055,1500000,sell,2020-08-10,48.0,47.0,,2.0,,,3.0,1.0149215003568215,16:40:40.260171
1056,10000,buy,2020-08-10,,,58.0,,,42.0,,1.0156872298900004,16:40:57.807851
1057,25000,buy,2020-08-10,69.0,,,,,31.0,,1.017475958175749,16:40:59.266336
1058,50000,buy,2020-08-10,84.0,,,,,16.0,,1.0178858895424057,16:41:00.703534
1059,100000,buy,2020-08-10,90.0,1.0,,,,9.0,,1.018232237499249,16:41:01.588456
1060,200000,buy,2020-08-10,72.0,23.0,,,,5.0,,1.0186030470690095,16:41:02.904349
1061,500000,buy,2020-08-10,61.0,35.0,,,,2.0,2.0,1.0193335678470503,16:41:04.102958
1062,1000000,buy,2020-08-10,57.0,39.0,,,,2.0,2.0,1.02052953868001,16:41:05.058058
1063,1500000,buy,2020-08-10,57.0,41.0,,,,1.0,1.0,1.0218550525970236,16:41:05.899259
1064,10000,sell,2020-08-10,,100.0,,,,,,1.0178894817295483,16:41:07.215081
1065,25000,sell,2020-08-10,,100.0,,,,,,1.0178188442590748,16:41:08.066379
1066,50000,sell,2020-08-10,,100.0,,,,,,1.0177023099181508,16:41:09.080097
1067,100000,sell,2020-08-10,15.0,85.0,,,,,,1.0174908440536539,16:41:09.945760
1068,200000,sell,2020-08-10,34.0,66.0,,,,,,1.017219838385881,16:41:11.042099
1069,500000,sell,2020-08-10,45.0,54.0,,,,,1.0,1.016596769325295,16:41:12.161242
1070,1000000,sell,2020-08-10,47.0,49.0,,,,,4.0,1.0157204065025007,16:41:13.432678
1071,1500000,sell,2020-08-10,48.0,47.0,,2.0,,,3.0,1.0149215003568215,16:41:15.558639
1072,10000,buy,2020-08-10,51.0,,,,,49.0,,1.017331237614394,16:42:07.123580
1073,25000,buy,2020-08-10,80.0,,,,,20.0,,1.0177903597028266,16:42:08.005711
1074,50000,buy,2020-08-10,89.0,,,,,11.0,,1.018017217241203,16:42:09.471338
1075,100000,buy,2020-08-10,94.0,,,,,6.0,,1.0182709922277542,16:42:10.746397
1076,200000,buy,2020-08-10,75.0,22.0,,,,3.0,,1.0186077895751116,16:42:11.388734
1077,500000,buy,2020-08-10,62.0,34.0,,,,2.0,2.0,1.019315836716613,16:42:12.184161
1078,1000000,buy,2020-08-10,58.0,39.0,,,,1.0,2.0,1.0205015461298854,16:42:12.746355
1079,1500000,buy,2020-08-10,58.0,40.0,,,,1.0,1.0,1.0218183941686758,16:42:14.140217
1080,10000,sell,2020-08-10,,100.0,,,,,,1.0178894789275514,16:42:15.461230
1081,25000,sell,2020-08-10,,100.0,,,,,,1.0178188414758569,16:42:16.155273
1082,50000,sell,2020-08-10,,100.0,,,,,,1.0177023071657787,16:42:16.846989
1083,100000,sell,2020-08-10,10.0,90.0,,,,,,1.017482201571308,16:42:17.577865
1084,200000,sell,2020-08-10,32.0,68.0,,,,,,1.0171969152567233,16:42:18.848661
1085,500000,sell,2020-08-10,45.0,54.0,,,,,1.0,1.016566990404483,16:42:19.695116
1086,1000000,sell,2020-08-10,47.0,49.0,,,,,4.0,1.0156911325064468,16:42:20.665762
1087,1500000,sell,2020-08-10,47.0,48.0,,2.0,,,3.0,1.014893591309523,16:42:22.067895
1088,10000,buy,2020-08-10,51.0,,,,,49.0,,1.017331237614394,16:42:40.402317
1089,25000,buy,2020-08-10,80.0,,,,,20.0,,1.0177903597028266,16:42:41.759762
1090,50000,buy,2020-08-10,89.0,,,,,11.0,,1.0179697324373682,16:42:42.991369
1091,100000,buy,2020-08-10,99.0,,,,,1.0,,1.0183221308652546,16:42:44.473892
1092,200000,buy,2020-08-10,78.0,21.0,,,,1.0,,1.0186315367922332,16:42:45.254642
1093,500000,buy,2020-08-10,63.0,34.0,,,,1.0,2.0,1.0193222981033372,16:42:45.979409
1094,1000000,buy,2020-08-10,58.0,39.0,,,,1.0,2.0,1.0204989152889616,16:42:46.637198
1095,1500000,buy,2020-08-10,58.0,40.0,,,,1.0,1.0,1.0218125746426114,16:42:47.337974
1096,10000,sell,2020-08-10,,100.0,,,,,,1.0178894782114727,16:42:48.665548
1097,25000,sell,2020-08-10,,100.0,,,,,,1.0178188407645774,16:42:49.531272
1098,50000,sell,2020-08-10,,100.0,,,,,,1.0177023064623825,16:42:50.529953
1099,100000,sell,2020-08-10,7.0,93.0,,,,,,1.0174776583385043,16:42:51.242722
1100,200000,sell,2020-08-10,31.0,69.0,,,,,,1.0171806126461593,16:42:52.934180
1101,500000,sell,2020-08-10,44.0,55.0,,,,,1.0,1.0165450072792273,16:42:54.379716
1102,1000000,sell,2020-08-10,47.0,49.0,,,,,4.0,1.0156691275422987,16:42:55.260434
1103,1500000,sell,2020-08-10,47.0,48.0,,2.0,,,3.0,1.014872772608014,16:42:56.531031
1104,10000,buy,2020-08-10,93.0,,,,2.0,5.0,,1.0178740940024904,16:43:50.392880
1105,25000,buy,2020-08-10,97.0,,,,1.0,2.0,,1.017995517026409,16:43:51.691462
1106,50000,buy,2020-08-10,99.0,,,,,1.0,,1.0181122119443067,16:43:53.359928
1107,100000,buy,2020-08-10,99.0,,,,,1.0,,1.0183221308652546,16:43:54.054704
1108,200000,buy,2020-08-10,78.0,21.0,,,,1.0,,1.0186301177009465,16:43:54.694500
1109,500000,buy,2020-08-10,63.0,34.0,,,,1.0,2.0,1.0193208776832934,16:43:55.620201
1110,1000000,buy,2020-08-10,58.0,39.0,,,,1.0,2.0,1.0204974931024757,16:43:56.920801
1111,1500000,buy,2020-08-10,58.0,40.0,,,,1.0,1.0,1.0218111504245453,16:43:57.606010
1112,10000,sell,2020-08-10,,100.0,,,,,,1.0178894748801504,16:43:59.162864
1113,25000,sell,2020-08-10,,100.0,,,,,,1.0178188374555819,16:43:59.849658
1114,50000,sell,2020-08-10,,100.0,,,,,,1.0177023031900594,16:44:01.250585
1115,100000,sell,2020-08-10,7.0,93.0,,,,,,1.0174776553524816,16:44:02.971545
1116,200000,sell,2020-08-10,31.0,69.0,,,,,,1.0171806104737853,16:44:03.846419
1117,500000,sell,2020-08-10,44.0,55.0,,,,,1.0,1.016543365445683,16:44:05.297634
1118,1000000,sell,2020-08-10,47.0,49.0,,,,,4.0,1.0156671486086555,16:44:06.754629
1119,1500000,sell,2020-08-10,48.0,48.0,,2.0,,,2.0,1.0148547319530477,16:44:07.605686
1120,10000,buy,2020-08-10,93.0,,,,2.0,5.0,,1.0178740940024904,16:44:24.927337
1121,25000,buy,2020-08-10,97.0,,,,1.0,2.0,,1.017995517026409,16:44:25.974403
1122,50000,buy,2020-08-10,99.0,,,,,1.0,,1.0181122119443067,16:44:26.658089
1123,100000,buy,2020-08-10,99.0,,,,,1.0,,1.0183221308652546,16:44:27.917379
1124,200000,buy,2020-08-10,78.0,21.0,,,,1.0,,1.0186301176407246,16:44:28.521528
1125,500000,buy,2020-08-10,63.0,34.0,,,,1.0,2.0,1.019324690743314,16:44:30.026925
1126,1000000,buy,2020-08-10,59.0,39.0,,,,1.0,1.0,1.0205125058063704,16:44:31.212105
1127,1500000,buy,2020-08-10,58.0,40.0,,,,1.0,1.0,1.0218127681224334,16:44:32.168337
1128,10000,sell,2020-08-10,,100.0,,,,,,1.0178894745999456,16:44:32.763503
1129,25000,sell,2020-08-10,,100.0,,,,,,1.017818837177255,16:44:33.614396
1130,50000,sell,2020-08-10,,100.0,,,,,,1.0177023029148173,16:44:34.892013
1131,100000,sell,2020-08-10,7.0,93.0,,,,,,1.0174776551013207,16:44:35.997667
1132,200000,sell,2020-08-10,31.0,69.0,,,,,,1.0171806096413802,16:44:37.158648
1133,500000,sell,2020-08-10,44.0,55.0,,,,,1.0,1.0165433648197457,16:44:38.121819
1134,1000000,sell,2020-08-10,47.0,49.0,,,,,4.0,1.0156671480976334,16:44:39.458913
1135,1500000,sell,2020-08-10,48.0,48.0,,2.0,,,2.0,1.0148547314947565,16:44:40.240398
1136,10000,buy,2020-08-10,93.0,,,,2.0,5.0,,1.0178740940024904,16:45:32.206048
1137,25000,buy,2020-08-10,97.0,,,,1.0,2.0,,1.017995517026409,16:45:33.518117
1138,50000,buy,2020-08-10,99.0,,,,,1.0,,1.0181122119443067,16:45:34.778269
1139,100000,buy,2020-08-10,99.0,,,,,1.0,,1.0183221308652546,16:45:35.518745
1140,200000,buy,2020-08-10,79.0,21.0,,,,,,1.0186322718323786,16:45:36.271822
1141,500000,buy,2020-08-10,63.0,35.0,,,,,2.0,1.0193312898922167,16:45:37.255989
1142,1000000,buy,2020-08-10,59.0,39.0,,,,,2.0,1.0205171515764897,16:45:38.021032
1143,1500000,buy,2020-08-10,58.0,41.0,,,,,1.0,1.0218456076232765,16:45:38.870623
1144,10000,sell,2020-08-10,,100.0,,,,,,1.0178894712374909,16:45:40.167953
1145,25000,sell,2020-08-10,,100.0,,,,,,1.0178188338373355,16:45:41.455736
1146,50000,sell,2020-08-10,,100.0,,,,,,1.0177022996119134,16:45:42.803473
1147,100000,sell,2020-08-10,7.0,93.0,,,,,,1.0174776520873925,16:45:44.064086
1148,200000,sell,2020-08-10,31.0,69.0,,,,,,1.0171806080983863,16:45:44.684024
1149,500000,sell,2020-08-10,44.0,55.0,,,,,1.0,1.0165433636594718,16:45:45.484284
1150,1000000,sell,2020-08-10,47.0,49.0,,,,,4.0,1.0156671471503733,16:45:46.728976
1151,1500000,sell,2020-08-10,48.0,48.0,,2.0,,,2.0,1.014854730645241,16:45:48.408099
1152,10000,buy,2020-08-10,95.0,,,,,5.0,,1.0178807546271906,16:46:06.787051
1153,25000,buy,2020-08-10,98.0,,,,,2.0,,1.0179983529508507,16:46:07.916126
1154,50000,buy,2020-08-10,99.0,,,,,1.0,,1.0181122119443067,16:46:09.094373
1155,100000,buy,2020-08-10,99.0,,,,,1.0,,1.0183221308652546,16:46:10.221043
1156,200000,buy,2020-08-10,79.0,21.0,,,,,,1.0186322716450211,16:46:11.595582
1157,500000,buy,2020-08-10,63.0,35.0,,,,,2.0,1.019327476347946,16:46:12.403165
1158,1000000,buy,2020-08-10,59.0,39.0,,,,,2.0,1.0205142224827666,16:46:13.707568
1159,1500000,buy,2020-08-10,58.0,41.0,,,,,1.0,1.0218439891900755,16:46:15.516725
1160,10000,sell,2020-08-10,,100.0,,,,,,1.0178894703657437,16:46:16.245482
1161,25000,sell,2020-08-10,37.0,63.0,,,,,,1.01755879961135,16:46:17.485375
1162,50000,sell,2020-08-10,76.0,24.0,,,,,,1.016914613994632,16:46:18.849273
1163,100000,sell,2020-08-10,64.0,35.0,,,,,1.0,1.0168074917639813,16:46:19.990075
1164,200000,sell,2020-08-10,59.0,40.0,,,,,1.0,1.0166074784690105,16:46:20.865960
1165,500000,sell,2020-08-10,54.0,42.0,,,,,4.0,1.0160586602583535,16:46:22.161431
1166,1000000,sell,2020-08-10,52.0,44.0,,,,,4.0,1.0152355947002651,16:46:22.990017
1167,1500000,sell,2020-08-10,51.0,44.0,,2.0,,,3.0,1.0144750174048442,16:46:23.628024
1168,10000,buy,2020-08-10,,97.0,,,,3.0,,1.0177222674172408,16:47:16.985002
1169,25000,buy,2020-08-10,9.0,90.0,,,,1.0,,1.0178045542633565,16:47:18.280468
1170,50000,buy,2020-08-10,31.0,68.0,,,,1.0,,1.0178854376198205,16:47:19.436083
1171,100000,buy,2020-08-10,43.0,57.0,,,,,,1.0179990765530544,16:47:20.634785
1172,200000,buy,2020-08-10,49.0,51.0,,,,,,1.0182073710764163,16:47:21.462775
1173,500000,buy,2020-08-10,51.0,47.0,,,,,2.0,1.0188340504282178,16:47:22.163930
1174,1000000,buy,2020-08-10,53.0,45.0,,,,,2.0,1.0199573612781596,16:47:23.569921
1175,1500000,buy,2020-08-10,54.0,45.0,,,,,1.0,1.021220409339594,16:47:24.683566
1176,10000,sell,2020-08-10,100.0,,,,,,,1.01703919160695,16:47:25.552655
1177,25000,sell,2020-08-10,98.0,2.0,,,,,,1.0169836681501105,16:47:26.425376
1178,50000,sell,2020-08-10,76.0,24.0,,,,,,1.0169146136914657,16:47:27.653708
1179,100000,sell,2020-08-10,64.0,35.0,,,,,1.0,1.0168074913262777,16:47:28.341985
1180,200000,sell,2020-08-10,59.0,40.0,,,,,1.0,1.0166074779784133,16:47:29.010084
1181,500000,sell,2020-08-10,54.0,42.0,,,,,4.0,1.016058659770741,16:47:30.517858
1182,1000000,sell,2020-08-10,52.0,44.0,,,,,4.0,1.0152355942346567,16:47:31.991570
1183,1500000,sell,2020-08-10,51.0,44.0,,2.0,,,3.0,1.0144750169766796,16:47:33.356163
1184,10000,buy,2020-08-10,,97.0,,,,3.0,,1.0177222674172408,16:47:50.442911
1185,25000,buy,2020-08-10,9.0,90.0,,,,1.0,,1.0178045542633565,16:47:51.812911
1186,50000,buy,2020-08-10,31.0,68.0,,,,1.0,,1.0178854376198205,16:47:53.770911
1187,100000,buy,2020-08-10,43.0,57.0,,,,,,1.0179990764045652,16:47:54.948871
1188,200000,buy,2020-08-10,49.0,51.0,,,,,,1.0182073709409218,16:47:55.599870
1189,500000,buy,2020-08-10,51.0,47.0,,,,,2.0,1.0188355446408595,16:47:56.176873
1190,1000000,buy,2020-08-10,53.0,45.0,,,,,2.0,1.0199591264856172,16:47:56.892506
1191,1500000,buy,2020-08-10,54.0,45.0,,,,,1.0,1.0212212498175242,16:47:57.748716
1192,10000,sell,2020-08-10,100.0,,,,,,,1.01703919160695,16:47:58.340933
1193,25000,sell,2020-08-10,98.0,2.0,,,,,,1.0169836681450324,16:47:59.763908
1194,50000,sell,2020-08-10,76.0,24.0,,,,,,1.0169146136308325,16:48:00.990901
1195,100000,sell,2020-08-10,64.0,35.0,,,,,1.0,1.016807491238737,16:48:02.213927
1196,200000,sell,2020-08-10,59.0,40.0,,,,,1.0,1.016607477880294,16:48:02.922723
1197,500000,sell,2020-08-10,54.0,42.0,,,,,4.0,1.0160586596732186,16:48:03.842927
1198,1000000,sell,2020-08-10,52.0,44.0,,,,,4.0,1.015235038321535,16:48:04.735701
1199,1500000,sell,2020-08-10,51.0,44.0,,2.0,,,3.0,1.0144699071110468,16:48:06.089279
1200,10000,buy,2020-08-10,,97.0,,,,3.0,,1.0177222646941027,16:48:59.448692
1201,25000,buy,2020-08-10,9.0,90.0,,,,1.0,,1.0178045517226812,16:49:00.722871
1202,50000,buy,2020-08-10,31.0,68.0,,,,1.0,,1.017885435690555,16:49:01.917481
1203,100000,buy,2020-08-10,43.0,57.0,,,,,,1.0179990749196715,16:49:02.676665
1204,200000,buy,2020-08-10,49.0,51.0,,,,,,1.018207369585975,16:49:03.497043
1205,500000,buy,2020-08-10,51.0,47.0,,,,,2.0,1.0188375718995692,16:49:04.901887
1206,1000000,buy,2020-08-10,53.0,46.0,,,,,1.0,1.0199662724938754,16:49:06.206607
1207,1500000,buy,2020-08-10,54.0,45.0,,,,,1.0,1.0212295467889438,16:49:07.450419
1208,10000,sell,2020-08-10,100.0,,,,,,,1.01703919160695,16:49:09.265882
1209,25000,sell,2020-08-10,98.0,2.0,,,,,,1.0169836680942492,16:49:10.576518
1210,50000,sell,2020-08-10,76.0,24.0,,,,,,1.0169146130245004,16:49:11.883717
1211,100000,sell,2020-08-10,64.0,35.0,,,,,1.0,1.0168074903633302,16:49:12.681355
1212,200000,sell,2020-08-10,59.0,41.0,,,,,,1.0166063096482947,16:49:13.564090
1213,500000,sell,2020-08-10,56.0,44.0,,,,,,1.0160408732583954,16:49:14.913021
1214,1000000,sell,2020-08-10,54.0,46.0,,,,,,1.0151703162891814,16:49:16.194873
1215,1500000,sell,2020-08-10,52.0,46.0,,2.0,,,,1.0143925676420684,16:49:17.362831
1216,10000,buy,2020-08-10,,97.0,,,,3.0,,1.0177222630987293,16:49:36.054245
1217,25000,buy,2020-08-10,9.0,90.0,,,,1.0,,1.0178045502342052,16:49:37.151896
1218,50000,buy,2020-08-10,31.0,68.0,,,,1.0,,1.0178854345602784,16:49:38.483892
1219,100000,buy,2020-08-10,43.0,57.0,,,,,,1.01799907396274,16:49:39.804123
1220,200000,buy,2020-08-10,49.0,51.0,,,,,,1.0182073687127875,16:49:41.128479
1221,500000,buy,2020-08-10,51.0,47.0,,,,,2.0,1.0188340481166753,16:49:42.236267
1222,1000000,buy,2020-08-10,53.0,45.0,,,,,2.0,1.0199543209603963,16:49:44.064538
1223,1500000,buy,2020-08-10,54.0,45.0,,,,,1.0,1.0212192523112311,16:49:45.209360
1224,10000,sell,2020-08-10,100.0,,,,,,,1.01703919160695,16:49:45.884533
1225,25000,sell,2020-08-10,98.0,2.0,,,,,,1.0169836680615225,16:49:46.715283
1226,50000,sell,2020-08-10,76.0,24.0,,,,,,1.016914612633753,16:49:48.026450
1227,100000,sell,2020-08-10,64.0,35.0,,,,,1.0,1.016807489799179,16:49:49.249034
1228,200000,sell,2020-08-10,59.0,40.0,,,,,1.0,1.0166075312667753,16:49:49.828108
1229,500000,sell,2020-08-10,54.0,42.0,,,,,4.0,1.016059041269516,16:49:50.432681
1230,1000000,sell,2020-08-10,52.0,44.0,,,,,4.0,1.015238417610201,16:49:51.792301
1231,1500000,sell,2020-08-10,51.0,44.0,,2.0,,,3.0,1.0144769912161946,16:49:53.441970
1232,10000,buy,2020-08-10,,97.0,,,,3.0,,1.0177222612007852,16:50:47.554554
1233,25000,buy,2020-08-10,9.0,90.0,,,,1.0,,1.0178045484634324,16:50:48.749022
1234,50000,buy,2020-08-10,31.0,68.0,,,,1.0,,1.0178854332156395,16:50:49.929758
1235,100000,buy,2020-08-10,43.0,57.0,,,,,,1.017999072824322,16:50:50.712977
1236,200000,buy,2020-08-10,49.0,51.0,,,,,,1.0182073676739956,16:50:51.414465
1237,500000,buy,2020-08-10,51.0,47.0,,,,,2.0,1.0188340471007755,16:50:53.360650
1238,1000000,buy,2020-08-10,53.0,45.0,,,,,2.0,1.0199543198847556,16:50:54.059373
1239,1500000,buy,2020-08-10,54.0,45.0,,,,,1.0,1.0212192511082903,16:50:54.867559
1240,10000,sell,2020-08-10,100.0,,,,,,,1.01703919160695,16:50:56.422011
1241,25000,sell,2020-08-10,98.0,2.0,,,,,,1.016983668020332,16:50:57.307005
1242,50000,sell,2020-08-10,76.0,24.0,,,,,,1.0169146121419506,16:50:58.206003
1243,100000,sell,2020-08-10,64.0,35.0,,,,,1.0,1.0168074890891272,16:50:59.844986
1244,200000,sell,2020-08-10,59.0,40.0,,,,,1.0,1.0166075304709183,16:51:01.170044
1245,500000,sell,2020-08-10,54.0,42.0,,,,,4.0,1.016059040478501,16:51:02.121051
1246,1000000,sell,2020-08-10,52.0,44.0,,,,,4.0,1.0152384166686386,16:51:03.500935
1247,1500000,sell,2020-08-10,51.0,44.0,,2.0,,,3.0,1.014476990350352,16:51:04.157380
1248,10000,buy,2020-08-10,,97.0,,,,3.0,,1.017722260348084,16:51:23.347805
1249,25000,buy,2020-08-10,9.0,90.0,,,,1.0,,1.0178045476678659,16:51:24.794891
1250,50000,buy,2020-08-10,31.0,68.0,,,,1.0,,1.017885432611525,16:51:26.069837
1251,100000,buy,2020-08-10,43.0,57.0,,,,,,1.0179990723128578,16:51:27.353941
1252,200000,buy,2020-08-10,49.0,51.0,,,,,,1.0182073672072909,16:51:28.678831
1253,500000,buy,2020-08-10,51.0,47.0,,,,,2.0,1.0188340466443557,16:51:30.076984
1254,1000000,buy,2020-08-10,53.0,45.0,,,,,2.0,1.0199543194014957,16:51:30.819143
1255,1500000,buy,2020-08-10,54.0,45.0,,,,,1.0,1.0212192505678372,16:51:32.162065
1256,10000,sell,2020-08-10,100.0,,,,,,,1.01703919160695,16:51:33.452991
1257,25000,sell,2020-08-10,98.0,2.0,,,,,,1.016983668005097,16:51:34.663238
1258,50000,sell,2020-08-10,76.0,24.0,,,,,,1.0169146119600503,16:51:35.986490
1259,100000,sell,2020-08-10,64.0,35.0,,,,,1.0,1.0168074888265044,16:51:36.537681
1260,200000,sell,2020-08-10,59.0,40.0,,,,,1.0,1.0166075301765596,16:51:37.344755
1261,500000,sell,2020-08-10,54.0,42.0,,,,,4.0,1.016059040185933,16:51:38.061473
1262,1000000,sell,2020-08-10,52.0,44.0,,,,,4.0,1.0152384165755155,16:51:39.083895
1263,1500000,sell,2020-08-10,51.0,44.0,,2.0,,,3.0,1.0144769902647177,16:51:40.288296
1264,10000,buy,2020-08-10,,100.0,,,,,,1.017757025889206,16:52:31.012702
1265,25000,buy,2020-08-10,10.0,90.0,,,,,,1.017819742699303,16:52:32.349094
1266,50000,buy,2020-08-10,32.0,68.0,,,,,,1.017889062702421,16:52:33.173334
1267,100000,buy,2020-08-10,43.0,57.0,,,,,,1.0179990711579798,16:52:34.484809
1268,200000,buy,2020-08-10,49.0,51.0,,,,,,1.0182073659427269,16:52:35.654126
1269,500000,buy,2020-08-10,51.0,47.0,,,,,2.0,1.0188340454076574,16:52:36.493288
1270,1000000,buy,2020-08-10,53.0,45.0,,,,,2.0,1.0199543180920705,16:52:37.472642
1271,1500000,buy,2020-08-10,54.0,45.0,,,,,1.0,1.021219249103441,16:52:38.647016
1272,10000,sell,2020-08-10,100.0,,,,,,,1.01703919160695,16:52:39.854522
1273,25000,sell,2020-08-10,98.0,2.0,,,,,,1.0169836679577013,16:52:40.622590
1274,50000,sell,2020-08-10,76.0,24.0,,,,,,1.0169146113335363,16:52:41.919454
1275,100000,sell,2020-08-10,64.0,35.0,,,,,1.0,1.0168074879219593,16:52:43.305803
1276,200000,sell,2020-08-10,59.0,40.0,,,,,1.0,1.0166075291627068,16:52:44.211414
1277,500000,sell,2020-08-10,54.0,42.0,,,,,4.0,1.0160590391782494,16:52:45.696601
1278,1000000,sell,2020-08-10,52.0,44.0,,,,,4.0,1.0152384156133065,16:52:46.999210
1279,1500000,sell,2020-08-10,51.0,44.0,,2.0,,,3.0,1.0144769893798902,16:52:48.142371
1280,10000,buy,2020-08-10,,100.0,,,,,,1.0177570252369184,16:53:08.588802
1281,25000,buy,2020-08-10,10.0,90.0,,,,,,1.017819742109076,16:53:09.486515
1282,50000,buy,2020-08-10,32.0,68.0,,,,,,1.0178890622542416,16:53:10.186337
1283,100000,buy,2020-08-10,43.0,57.0,,,,,,1.017999070778538,16:53:10.938111
1284,200000,buy,2020-08-10,49.0,51.0,,,,,,1.0182073658072435,16:53:12.292676
1285,500000,buy,2020-08-10,51.0,47.0,,,,,2.0,1.0188340452751592,16:53:13.467300
1286,1000000,buy,2020-08-10,53.0,45.0,,,,,2.0,1.01995431795178,16:53:14.322026
1287,1500000,buy,2020-08-10,54.0,45.0,,,,,1.0,1.0212192485455955,16:53:15.634605
