,amount,buy_or_sell,date,liquidity_curve_susd,liquidity_curvefi,liquidity_kyber,liquidity_mstable,liquidity_oasis,liquidity_uniswap,liquidity_uniswap_v2,liquidity_zero_x,price,time
0,10000,buy,2020-08-13,,90.0,,,,,,10.0,1.021312445199534,08:32:23.054912
1,25000,buy,2020-08-13,,96.0,,,,,,4.0,1.0215415816971507,08:32:24.311741
2,50000,buy,2020-08-13,,98.0,,,,,,2.0,1.0217590666563106,08:32:25.094792
3,100000,buy,2020-08-13,,99.0,,,,,,1.0,1.0221401691446876,08:32:25.882919
4,200000,buy,2020-08-13,19.0,80.0,,,,,,1.0,1.0228240421263632,08:32:26.656700
5,500000,buy,2020-08-13,48.0,47.0,,,,,,5.0,1.02381171558642,08:32:28.504739
6,1000000,buy,2020-08-13,59.0,36.0,,,,,1.0,4.0,1.0250056378125025,08:32:29.390255
7,1500000,buy,2020-08-13,61.0,31.0,,,5.0,,1.0,2.0,1.02623962669777,08:32:30.147247
8,10000,sell,2020-08-13,100.0,,,,,,,,1.0227869482249938,08:32:31.081427
9,25000,sell,2020-08-13,100.0,,,,,,,,1.0227428229871405,08:32:31.673841
10,50000,sell,2020-08-13,100.0,,,,,,,,1.0226695859098325,08:32:32.417022
11,100000,sell,2020-08-13,100.0,,,,,,,,1.022524244140147,08:32:33.147277
12,200000,sell,2020-08-13,100.0,,,,,,,,1.0222380039393324,08:32:34.599367
13,500000,sell,2020-08-13,94.0,6.0,,,,,,,1.021430250035784,08:32:35.260459
14,1000000,sell,2020-08-13,82.0,17.0,,,,,,1.0,1.0203854206035698,08:32:36.699310
15,1500000,sell,2020-08-13,78.0,20.0,,,,,,2.0,1.019507883166068,08:32:38.354546
16,10000,buy,2020-08-13,,80.0,,,,,,20.0,1.0212080429261599,08:33:39.644912
17,25000,buy,2020-08-13,,92.0,,,,,,8.0,1.0214914268532302,08:33:40.933500
18,50000,buy,2020-08-13,,96.0,,,,,,4.0,1.021726864995948,08:33:42.436019
19,100000,buy,2020-08-13,,98.0,,,,,,2.0,1.0221166795731764,08:33:43.810578
20,200000,buy,2020-08-13,19.0,79.0,,,,,,2.0,1.0227966779536521,08:33:44.556340
21,500000,buy,2020-08-13,49.0,46.0,,,,,,5.0,1.0237732348154513,08:33:45.866919
22,1000000,buy,2020-08-13,60.0,36.0,,,,,,4.0,1.024962615481764,08:33:47.251478
23,1500000,buy,2020-08-13,62.0,31.0,,,5.0,,,2.0,1.0262038835601426,08:33:48.031225
24,10000,sell,2020-08-13,100.0,,,,,,,,1.0227292722760668,08:33:49.336808
25,25000,sell,2020-08-13,100.0,,,,,,,,1.0226852947013751,08:33:50.806338
26,50000,sell,2020-08-13,100.0,,,,,,,,1.022612302245928,08:33:51.668062
27,100000,sell,2020-08-13,100.0,,,,,,,,1.0224674442259725,08:33:52.454810
28,200000,sell,2020-08-13,100.0,,,,,,,,1.0221821500705222,08:33:53.616437
29,500000,sell,2020-08-13,93.0,7.0,,,,,,,1.0213800708872836,08:33:54.333208
30,1000000,sell,2020-08-13,83.0,17.0,,,,,,,1.0203414002089775,08:33:55.645788
31,1500000,sell,2020-08-13,78.0,20.0,,,,,,2.0,1.0194659210174488,08:33:56.921379
32,10000,buy,2020-08-13,,80.0,,,,,,20.0,1.021177335239689,08:34:57.678917
33,25000,buy,2020-08-13,,92.0,,,,,,8.0,1.02145593266278,08:34:58.673597
34,50000,buy,2020-08-13,,96.0,,,,,,4.0,1.021689527296467,08:35:00.479019
35,100000,buy,2020-08-13,,98.0,,,,,,2.0,1.022077943231276,08:35:01.459705
36,200000,buy,2020-08-13,18.0,80.0,,,,,,2.0,1.0227653272225334,08:35:02.292437
37,500000,buy,2020-08-13,48.0,47.0,,,,,,5.0,1.0237555783899646,08:35:03.407082
38,1000000,buy,2020-08-13,60.0,36.0,,,,,,4.0,1.0249489977640869,08:35:04.241815
39,1500000,buy,2020-08-13,62.0,31.0,,,5.0,,,2.0,1.0261920468576096,08:35:05.541398
40,10000,sell,2020-08-13,100.0,,,,,,,,1.0227323257524237,08:35:06.452105
41,25000,sell,2020-08-13,100.0,,,,,,,,1.0226883433299303,08:35:08.343500
42,50000,sell,2020-08-13,100.0,,,,,,,,1.0226153428309688,08:35:09.885006
43,100000,sell,2020-08-13,100.0,,,,,,,,1.0224704688582793,08:35:10.707742
44,200000,sell,2020-08-13,100.0,,,,,,,,1.0221851433247275,08:35:11.447505
45,500000,sell,2020-08-13,94.0,6.0,,,,,,,1.0213804842698786,08:35:12.212260
46,1000000,sell,2020-08-13,82.0,17.0,,,,,,1.0,1.020338354842804,08:35:14.076663
47,1500000,sell,2020-08-13,79.0,20.0,,,,,,1.0,1.0194508140783738,08:35:15.418417
48,10000,buy,2020-08-13,,80.0,,,,,,20.0,1.0211773335801697,08:36:16.271782
49,25000,buy,2020-08-13,,92.0,,,,,,8.0,1.0214559307375242,08:36:17.035770
50,50000,buy,2020-08-13,,96.0,,,,,,4.0,1.0216895252586637,08:36:17.774310
51,100000,buy,2020-08-13,,98.0,,,,,,2.0,1.02207794109045,08:36:19.197765
52,200000,buy,2020-08-13,18.0,80.0,,,,,,2.0,1.0227668595939585,08:36:19.979547
53,500000,buy,2020-08-13,49.0,47.0,,,,,,4.0,1.0237607795349957,08:36:21.397873
54,1000000,buy,2020-08-13,60.0,36.0,,,,,,4.0,1.0249524060091602,08:36:22.697888
55,1500000,buy,2020-08-13,62.0,31.0,,,5.0,,,2.0,1.0261943243514395,08:36:23.417936
56,10000,sell,2020-08-13,100.0,,,,,,,,1.0227323257524237,08:36:25.017948
57,25000,sell,2020-08-13,100.0,,,,,,,,1.0226883433299303,08:36:25.658598
58,50000,sell,2020-08-13,100.0,,,,,,,,1.0226153428309688,08:36:27.230505
59,100000,sell,2020-08-13,100.0,,,,,,,,1.0224704688582793,08:36:28.732367
60,200000,sell,2020-08-13,100.0,,,,,,,,1.0221851433247275,08:36:29.516627
61,500000,sell,2020-08-13,94.0,6.0,,,,,,,1.021380484175447,08:36:30.254983
62,1000000,sell,2020-08-13,82.0,17.0,,,,,,1.0,1.0203383545953202,08:36:31.101915
63,1500000,sell,2020-08-13,78.0,20.0,,,,,,2.0,1.0194566915352006,08:36:32.428378
64,10000,buy,2020-08-13,,80.0,,,,,,20.0,1.0211773324117284,08:37:33.760245
65,25000,buy,2020-08-13,,92.0,,,,,,8.0,1.0214559293819818,08:37:34.741924
66,50000,buy,2020-08-13,,96.0,,,,,,4.0,1.0216895238238788,08:37:35.673117
67,100000,buy,2020-08-13,,98.0,,,,,,2.0,1.0220779395831279,08:37:37.063870
68,200000,buy,2020-08-13,19.0,79.0,,,,,,2.0,1.0227625070850803,08:37:37.837121
69,500000,buy,2020-08-13,48.0,47.0,,,,,,5.0,1.0237486676445962,08:37:39.143450
70,1000000,buy,2020-08-13,60.0,36.0,,,,,,4.0,1.0249402693483238,08:37:39.988486
71,1500000,buy,2020-08-13,62.0,31.0,,,5.0,,,2.0,1.026182715515888,08:37:40.729261
72,10000,sell,2020-08-13,100.0,,,,,,,,1.0227191284389292,08:37:41.645527
73,25000,sell,2020-08-13,100.0,,,,,,,,1.0226751710289534,08:37:42.375183
74,50000,sell,2020-08-13,100.0,,,,,,,,1.0226022120461762,08:37:43.609167
75,100000,sell,2020-08-13,100.0,,,,,,,,1.0224574204696226,08:37:44.486007
76,200000,sell,2020-08-13,100.0,,,,,,,,1.0221722572315097,08:37:45.699806
77,500000,sell,2020-08-13,94.0,6.0,,,,,,,1.0213681384212288,08:37:46.453368
78,1000000,sell,2020-08-13,82.0,17.0,,,,,,1.0,1.020326851224333,08:37:47.714902
79,1500000,sell,2020-08-13,78.0,20.0,,,,,,2.0,1.0194458206142045,08:37:48.392912
80,10000,buy,2020-08-13,,80.0,,,,,,20.0,1.0211688278148898,08:38:49.090467
81,25000,buy,2020-08-13,,92.0,,,,,,8.0,1.0214460986020015,08:38:50.358062
82,50000,buy,2020-08-13,,96.0,,,,,,4.0,1.0216791814185846,08:38:51.676640
83,100000,buy,2020-08-13,,98.0,,,,,,2.0,1.0220672076024726,08:38:52.377415
84,200000,buy,2020-08-13,19.0,79.0,,,,,,2.0,1.0227475992089055,08:38:54.008893
85,500000,buy,2020-08-13,52.0,47.0,,,,,,1.0,1.0237422784371366,08:38:55.300478
86,1000000,buy,2020-08-13,63.0,37.0,,,,,,,1.0250300352821284,08:38:56.680037
87,1500000,buy,2020-08-13,63.0,32.0,,,5.0,,,,1.0262637998639434,08:38:57.476782
88,10000,sell,2020-08-13,,,100.0,,,,,,1.0237000525957587,08:38:58.339506
89,25000,sell,2020-08-13,99.0,,,,,1.0,,,1.0226451499798108,08:38:59.793043
90,50000,sell,2020-08-13,100.0,,,,,,,,1.0225706867524336,08:39:00.504813
91,100000,sell,2020-08-13,100.0,,,,,,,,1.0224261757403568,08:39:02.314232
92,200000,sell,2020-08-13,100.0,,,,,,,,1.0221415593159713,08:39:03.193951
93,500000,sell,2020-08-13,93.0,6.0,,,,,1.0,,1.0213418290841332,08:39:04.704467
94,1000000,sell,2020-08-13,82.0,17.0,,,,,1.0,,1.0203070862950026,08:39:05.677155
95,1500000,sell,2020-08-13,77.0,20.0,,,,,1.0,2.0,1.019427247380998,08:39:06.410993
96,10000,buy,2020-08-13,,80.0,,,,,,20.0,1.021168826545814,08:40:07.817603
97,25000,buy,2020-08-13,,92.0,,,,,,8.0,1.0214460971297126,08:40:08.650197
98,50000,buy,2020-08-13,,96.0,,,,,,4.0,1.0216791798602265,08:40:10.040999
99,100000,buy,2020-08-13,,98.0,,,,,,2.0,1.0220672059653244,08:40:11.341693
100,200000,buy,2020-08-13,19.0,79.0,,,,,,2.0,1.022747598260827,08:40:12.211553
101,500000,buy,2020-08-13,46.0,46.0,,,,,,8.0,1.0237097008078593,08:40:13.202645
102,1000000,buy,2020-08-13,60.0,36.0,,,,,,4.0,1.0249023139314588,08:40:14.096494
103,1500000,buy,2020-08-13,62.0,31.0,,,5.0,,,2.0,1.0261495174073103,08:40:15.602789
104,10000,sell,2020-08-13,99.0,,,,,1.0,,,1.022693511937065,08:40:16.834722
105,25000,sell,2020-08-13,99.0,,,,,1.0,,,1.0226451499798108,08:40:18.186624
106,50000,sell,2020-08-13,100.0,,,,,,,,1.0225706867524336,08:40:18.970670
107,100000,sell,2020-08-13,100.0,,,,,,,,1.0224261757403568,08:40:20.060426
108,200000,sell,2020-08-13,100.0,,,,,,,,1.0221415593159713,08:40:21.355585
109,500000,sell,2020-08-13,94.0,6.0,,,,,,,1.0213405854946207,08:40:22.069015
110,1000000,sell,2020-08-13,83.0,17.0,,,,,,,1.0203030101079658,08:40:23.312483
111,1500000,sell,2020-08-13,78.0,20.0,,,,,,2.0,1.0194229994394082,08:40:24.681426
112,10000,buy,2020-08-13,,80.0,,,,,,20.0,1.021168825756342,08:41:25.469163
113,25000,buy,2020-08-13,,92.0,,,,,,8.0,1.0214460962138177,08:41:26.201048
114,50000,buy,2020-08-13,,96.0,,,,,,4.0,1.0216791788907755,08:41:27.637709
115,100000,buy,2020-08-13,,98.0,,,,,,2.0,1.0220672049468302,08:41:28.521737
116,200000,buy,2020-08-13,19.0,79.0,,,,,,2.0,1.0227475974101055,08:41:29.176716
117,500000,buy,2020-08-13,46.0,46.0,,,,,,8.0,1.0237097002902993,08:41:30.419777
118,1000000,buy,2020-08-13,60.0,36.0,,,,,,4.0,1.0249023134923172,08:41:31.165798
119,1500000,buy,2020-08-13,62.0,31.0,,,5.0,,,2.0,1.0261495170023325,08:41:32.495273
120,10000,sell,2020-08-13,,,100.0,,,,,,1.0232598212630872,08:41:33.242659
121,25000,sell,2020-08-13,99.0,,,,,1.0,,,1.0226451499798108,08:41:34.735776
122,50000,sell,2020-08-13,100.0,,,,,,,,1.0225706867524336,08:41:35.462319
123,100000,sell,2020-08-13,100.0,,,,,,,,1.0224261757403568,08:41:36.303272
124,200000,sell,2020-08-13,100.0,,,,,,,,1.0224626265355452,08:41:37.140996
125,500000,sell,2020-08-13,97.0,3.0,,,,,,,1.0216372197435761,08:41:38.427782
126,1000000,sell,2020-08-13,85.0,15.0,,,,,,,1.0205495857903695,08:41:39.758160
127,1500000,sell,2020-08-13,79.0,19.0,,,,,,2.0,1.019594996248681,08:41:40.502145
128,10000,buy,2020-08-13,,90.0,,,,,,10.0,1.0213329270703082,08:42:42.022309
129,25000,buy,2020-08-13,,96.0,,,,,,4.0,1.0214853920112303,08:42:43.401238
130,50000,buy,2020-08-13,,98.0,,,,,,2.0,1.0216766268880573,08:42:44.114204
131,100000,buy,2020-08-13,,99.0,,,,,,1.0,1.0220432785546223,08:42:45.361513
132,200000,buy,2020-08-13,13.0,84.0,,,,,,3.0,1.0227490541465256,08:42:46.665880
133,500000,buy,2020-08-13,44.0,48.0,,,,,,8.0,1.0237683698476223,08:42:47.887487
134,1000000,buy,2020-08-13,59.0,37.0,,,,,,4.0,1.024983147382034,08:42:49.274045
135,1500000,buy,2020-08-13,60.0,32.0,,,5.0,,1.0,2.0,1.0262264663850034,08:42:49.941960
136,10000,sell,2020-08-13,99.0,,,,,1.0,,,1.022852491469602,08:42:51.110297
137,25000,sell,2020-08-13,99.0,,,,,1.0,,,1.0228040610764288,08:42:51.781129
138,50000,sell,2020-08-13,100.0,,,,,,,,1.0227310853584317,08:42:53.062276
139,100000,sell,2020-08-13,100.0,,,,,,,,1.0225863409897444,08:42:54.398349
140,200000,sell,2020-08-13,100.0,,,,,,,,1.0223012566561784,08:42:55.518324
141,500000,sell,2020-08-13,96.0,4.0,,,,,,,1.021487692987134,08:42:56.694425
142,1000000,sell,2020-08-13,84.0,16.0,,,,,,,1.020425086356471,08:42:57.513004
143,1500000,sell,2020-08-13,79.0,19.0,,,,,,2.0,1.0195295270831108,08:42:59.024427
144,10000,buy,2020-08-13,,80.0,,,,,,20.0,1.0214556695655084,08:43:59.921925
145,25000,buy,2020-08-13,,92.0,,,,,,8.0,1.0217788027572197,08:44:01.233506
146,50000,buy,2020-08-13,,96.0,,,,,,4.0,1.0220311937913917,08:44:02.305163
147,100000,buy,2020-08-13,31.0,67.0,,,,,,2.0,1.0223353103858723,08:44:03.222869
148,200000,buy,2020-08-13,52.0,47.0,,,,,,1.0,1.0226412657176938,08:44:04.331514
149,500000,buy,2020-08-13,65.0,35.0,,,,,,,1.0233428784948,08:44:05.650090
150,1000000,buy,2020-08-13,70.0,30.0,,,,,,,1.024460567251881,08:44:06.407848
151,1500000,buy,2020-08-13,68.0,28.0,,,4.0,,,,1.0256501799947948,08:44:07.205592
152,10000,sell,2020-08-13,97.0,,,,,3.0,,,1.021754683948851,08:44:08.677122
153,25000,sell,2020-08-13,99.0,,,,,1.0,,,1.0216988265499813,08:44:09.522851
154,50000,sell,2020-08-13,99.0,,,,,1.0,,,1.0216225907347591,08:44:10.329592
155,100000,sell,2020-08-13,100.0,,,,,,,,1.0214826732862132,08:44:10.994379
156,200000,sell,2020-08-13,93.0,7.0,,,,,,,1.0212237232426984,08:44:12.281966
157,500000,sell,2020-08-13,81.0,19.0,,,,,,,1.0206064667157912,08:44:13.545562
158,1000000,sell,2020-08-13,76.0,23.0,,,,,,1.0,1.0196967331334268,08:44:14.262332
159,1500000,sell,2020-08-13,74.0,24.0,,,,,,2.0,1.018882930511688,08:44:15.660884
160,10000,buy,2020-08-13,,80.0,,,,,,20.0,1.021455668173915,08:45:16.925001
161,25000,buy,2020-08-13,,92.0,,,,,,8.0,1.021778801142478,08:45:18.306726
162,50000,buy,2020-08-13,25.0,71.0,,,,,,4.0,1.021999551234728,08:45:19.361748
163,100000,buy,2020-08-13,49.0,49.0,,,,,,2.0,1.0221897926595283,08:45:20.265701
164,200000,buy,2020-08-13,61.0,38.0,,,,,,1.0,1.0224336054773733,08:45:21.406529
165,500000,buy,2020-08-13,68.0,31.0,,,,,,1.0,1.0230725087422061,08:45:22.787201
166,1000000,buy,2020-08-13,68.0,28.0,,,,,,4.0,1.0241257853556025,08:45:24.053710
167,1500000,buy,2020-08-13,71.0,27.0,,,,,,2.0,1.0252705444183767,08:45:24.858219
168,10000,sell,2020-08-13,99.0,,,,,1.0,,,1.021376127484704,08:45:25.696947
169,25000,sell,2020-08-13,99.0,,,,,1.0,,,1.0213310308730965,08:45:26.427406
170,50000,sell,2020-08-13,100.0,,,,,,,,1.021262504795297,08:45:28.378072
171,100000,sell,2020-08-13,95.0,5.0,,,,,,,1.0211311177681475,08:45:28.970108
172,200000,sell,2020-08-13,84.0,16.0,,,,,,,1.0209140104052603,08:45:30.211062
173,500000,sell,2020-08-13,77.0,23.0,,,,,,,1.0203384482551316,08:45:30.879032
174,1000000,sell,2020-08-13,73.0,25.0,,,,,,2.0,1.0194575237326315,08:45:31.874202
175,1500000,sell,2020-08-13,72.0,26.0,,,,,,2.0,1.018662254884179,08:45:33.107174
176,10000,buy,2020-08-13,,80.0,,,,,,20.0,1.021455666731782,08:46:34.070129
177,25000,buy,2020-08-13,,92.0,,,,,,8.0,1.021778799469088,08:46:35.361982
178,50000,buy,2020-08-13,24.0,72.0,,,,,,4.0,1.0220020112670323,08:46:36.304004
179,100000,buy,2020-08-13,49.0,49.0,,,,,,2.0,1.0221946994591375,08:46:37.160078
180,200000,buy,2020-08-13,61.0,38.0,,,,,,1.0,1.0224397612040894,08:46:38.453852
181,500000,buy,2020-08-13,68.0,31.0,,,,,,1.0,1.0230795300327984,08:46:39.167293
182,1000000,buy,2020-08-13,68.0,28.0,,,,,,4.0,1.0241330690236812,08:46:40.535068
183,1500000,buy,2020-08-13,71.0,27.0,,,,,,2.0,1.0252784813650218,08:46:41.300498
184,10000,sell,2020-08-13,99.0,,,,,1.0,,,1.0213405764696257,08:46:42.747615
185,25000,sell,2020-08-13,99.0,,,,,1.0,,,1.0212955667364867,08:46:43.845997
186,50000,sell,2020-08-13,100.0,,,,,,,,1.0212268307213757,08:46:45.134006
187,100000,sell,2020-08-13,93.0,7.0,,,,,,,1.021097693919113,08:46:46.361308
188,200000,sell,2020-08-13,83.0,17.0,,,,,,,1.020884712876926,08:46:47.058087
189,500000,sell,2020-08-13,77.0,23.0,,,,,,,1.0203124126034737,08:46:47.801153
190,1000000,sell,2020-08-13,73.0,25.0,,,,,,2.0,1.0194341042214028,08:46:48.516085
191,1500000,sell,2020-08-13,72.0,26.0,,,,,,2.0,1.0186402985047824,08:46:49.734168
192,10000,buy,2020-08-13,,90.0,,,,,,10.0,1.0215912434291288,08:47:51.040025
193,25000,buy,2020-08-13,,96.0,,,,,,4.0,1.02184165065474,08:47:51.770129
194,50000,buy,2020-08-13,8.0,90.0,,,,,,2.0,1.0220667479322119,08:47:52.484788
195,100000,buy,2020-08-13,41.0,58.0,,,,,,1.0,1.0222940442679422,08:47:53.235281
196,200000,buy,2020-08-13,57.0,42.0,,,,,,1.0,1.0225584429297945,08:47:54.545009
197,500000,buy,2020-08-13,66.0,33.0,,,,,,1.0,1.0232095091504587,08:47:55.417072
198,1000000,buy,2020-08-13,68.0,28.0,,,,,,4.0,1.0242646821048091,08:47:56.732050
199,1500000,buy,2020-08-13,70.0,28.0,,,,,,2.0,1.0254170778988172,08:47:57.980889
200,10000,sell,2020-08-13,99.0,,,,,1.0,,,1.0215606030307411,08:47:59.156821
201,25000,sell,2020-08-13,100.0,,,,,,,,1.0215159398351683,08:47:59.919319
202,50000,sell,2020-08-13,100.0,,,,,,,,1.021448275710657,08:48:01.311558
203,100000,sell,2020-08-13,100.0,,,,,,,,1.0213139537008367,08:48:02.048789
204,200000,sell,2020-08-13,89.0,11.0,,,,,,,1.0210732240712432,08:48:03.635139
205,500000,sell,2020-08-13,79.0,21.0,,,,,,,1.0204803303261292,08:48:04.379965
206,1000000,sell,2020-08-13,75.0,24.0,,,,,,1.0,1.019588987613936,08:48:05.667993
207,1500000,sell,2020-08-13,73.0,25.0,,,,,,2.0,1.0187879071681802,08:48:06.389023
208,10000,buy,2020-08-13,,80.0,,,,,,20.0,1.0214481649505576,08:49:07.236701
209,25000,buy,2020-08-13,,92.0,,,,,,8.0,1.0217701267184804,08:49:08.606276
210,50000,buy,2020-08-13,6.0,90.0,,,,,,4.0,1.0220205396893753,08:49:09.449239
211,100000,buy,2020-08-13,39.0,59.0,,,,,,2.0,1.0222676775640325,08:49:10.526225
212,200000,buy,2020-08-13,56.0,43.0,,,,,,1.0,1.022540563850931,08:49:11.940642
213,500000,buy,2020-08-13,66.0,33.0,,,,,,1.0,1.0231980686749966,08:49:13.327698
214,1000000,buy,2020-08-13,68.0,28.0,,,,,,4.0,1.0242564168661836,08:49:14.595425
215,1500000,buy,2020-08-13,70.0,28.0,,,,,,2.0,1.0254106292105827,08:49:15.336012
216,10000,sell,2020-08-13,99.0,,,,,1.0,,,1.0215606030307411,08:49:16.197109
217,25000,sell,2020-08-13,100.0,,,,,,,,1.0215159398351683,08:49:17.000966
218,50000,sell,2020-08-13,100.0,,,,,,,,1.0214467602931059,08:49:18.458179
219,100000,sell,2020-08-13,100.0,,,,,,,,1.0213124475818751,08:49:19.121673
220,200000,sell,2020-08-13,89.0,11.0,,,,,,,1.0210708754344697,08:49:20.399109
221,500000,sell,2020-08-13,79.0,21.0,,,,,,,1.02047728592785,08:49:21.802512
222,1000000,sell,2020-08-13,75.0,23.0,,,,,,2.0,1.0195951117722895,08:49:23.033248
223,1500000,sell,2020-08-13,73.0,25.0,,,,,,2.0,1.0187915667571927,08:49:23.838476
224,10000,buy,2020-08-13,,80.0,,,,,,20.0,1.0214481638014643,08:50:25.097664
225,25000,buy,2020-08-13,,92.0,,,,,,8.0,1.021770125385121,08:50:26.190271
226,50000,buy,2020-08-13,3.0,93.0,,,,,,4.0,1.0220214885080823,08:50:28.331797
227,100000,buy,2020-08-13,38.0,60.0,,,,,,2.0,1.0222760068168064,08:50:29.132957
228,200000,buy,2020-08-13,56.0,43.0,,,,,,1.0,1.0225526548352486,08:50:29.884947
229,500000,buy,2020-08-13,66.0,33.0,,,,,,1.0,1.0232126903572545,08:50:30.631967
230,1000000,buy,2020-08-13,67.0,29.0,,,,,,4.0,1.024272072492903,08:50:31.993005
231,1500000,buy,2020-08-13,70.0,28.0,,,,,,2.0,1.0254275552423873,08:50:33.448887
232,10000,sell,2020-08-13,99.0,,,,,1.0,,,1.0215816676247151,08:50:34.267251
233,25000,sell,2020-08-13,100.0,,,,,,,,1.021537178407077,08:50:35.515186
234,50000,sell,2020-08-13,100.0,,,,,,,,1.0214694503086852,08:50:36.491821
235,100000,sell,2020-08-13,100.0,,,,,,,,1.0213350013051055,08:50:37.244225
236,200000,sell,2020-08-13,90.0,10.0,,,,,,,1.0210908141022128,08:50:38.467343
237,500000,sell,2020-08-13,80.0,20.0,,,,,,,1.020494613931133,08:50:39.822106
238,1000000,sell,2020-08-13,75.0,23.0,,,,,,2.0,1.0196107842002804,08:50:40.538941
239,1500000,sell,2020-08-13,73.0,25.0,,,,,,2.0,1.018806236531232,08:50:41.840181
240,10000,buy,2020-08-13,,80.0,,,,,,20.0,1.021448162532317,08:51:42.590834
241,25000,buy,2020-08-13,,92.0,,,,,,8.0,1.0217701239124561,08:51:43.306689
242,50000,buy,2020-08-13,,96.0,,,,,,4.0,1.0220220617971498,08:51:44.660992
243,100000,buy,2020-08-13,37.0,61.0,,,,,,2.0,1.0222876628175344,08:51:46.022234
244,200000,buy,2020-08-13,55.0,44.0,,,,,,1.0,1.0225700446112373,08:51:46.980946
245,500000,buy,2020-08-13,66.0,33.0,,,,,,1.0,1.0232338896859536,08:51:48.240535
246,1000000,buy,2020-08-13,67.0,29.0,,,,,,4.0,1.0242945089536781,08:51:49.021115
247,1500000,buy,2020-08-13,69.0,28.0,,,1.0,,,2.0,1.02545202309471,08:51:49.836854
248,10000,sell,2020-08-13,96.0,,,,,1.0,3.0,,1.0216142102872539,08:51:50.522885
249,25000,sell,2020-08-13,98.0,,,,,,2.0,,1.0215697686968908,08:51:51.815385
250,50000,sell,2020-08-13,99.0,,,,,,1.0,,1.0215023851205969,08:51:53.150133
251,100000,sell,2020-08-13,99.0,,,,,,1.0,,1.0213689595094997,08:51:54.413049
252,200000,sell,2020-08-13,90.0,9.0,,,,,1.0,,1.021122796982409,08:51:54.987102
253,500000,sell,2020-08-13,79.0,20.0,,,,,1.0,,1.0205251740075616,08:51:56.332013
254,1000000,sell,2020-08-13,75.0,23.0,,,,,1.0,1.0,1.019640309821842,08:51:57.585724
255,1500000,sell,2020-08-13,73.0,24.0,,,,,1.0,2.0,1.0188336407922705,08:51:58.902026
256,10000,buy,2020-08-13,,80.0,,,,,,20.0,1.0214481609544583,08:53:00.327310
257,25000,buy,2020-08-13,,92.0,,,,,,8.0,1.0217701220815754,08:53:01.636479
258,50000,buy,2020-08-13,,96.0,,,,,,4.0,1.0220220602380434,08:53:02.654571
259,100000,buy,2020-08-13,37.0,61.0,,,,,,2.0,1.0222876859041283,08:53:03.479492
260,200000,buy,2020-08-13,55.0,44.0,,,,,,1.0,1.0225700800294342,08:53:04.153576
261,500000,buy,2020-08-13,66.0,33.0,,,,,,1.0,1.0232339336432272,08:53:04.906008
262,1000000,buy,2020-08-13,68.0,29.0,,,,,,3.0,1.0243006860235238,08:53:05.837085
263,1500000,buy,2020-08-13,69.0,28.0,,,1.0,,,2.0,1.0254520733260848,08:53:07.188819
264,10000,sell,2020-08-13,99.0,,,,,1.0,,,1.021562452776775,08:53:08.648393
265,25000,sell,2020-08-13,100.0,,,,,,,,1.0215177797384964,08:53:09.449984
266,50000,sell,2020-08-13,100.0,,,,,,,,1.0214500684945798,08:53:10.867531
267,100000,sell,2020-08-13,100.0,,,,,,,,1.021315652655096,08:53:12.346058
268,200000,sell,2020-08-13,89.0,11.0,,,,,,,1.0210735852421788,08:53:13.637643
269,500000,sell,2020-08-13,79.0,21.0,,,,,,,1.020479345866229,08:53:14.927231
270,1000000,sell,2020-08-13,75.0,23.0,,,,,,2.0,1.0196003886782112,08:53:16.181828
271,1500000,sell,2020-08-13,73.0,25.0,,,,,,2.0,1.0187950514905404,08:53:16.907596
272,10000,buy,2020-08-13,,80.0,,,,,,20.0,1.0214481599258523,08:54:18.189037
273,25000,buy,2020-08-13,,92.0,,,,,,8.0,1.0217701208880225,08:54:19.470566
274,50000,buy,2020-08-13,7.0,89.0,,,,,,4.0,1.0220199236436145,08:54:20.168880
275,100000,buy,2020-08-13,40.0,58.0,,,,,,2.0,1.022263635137523,08:54:20.851348
276,200000,buy,2020-08-13,57.0,42.0,,,,,,1.0,1.0225348004310306,08:54:22.267857
277,500000,buy,2020-08-13,66.0,33.0,,,,,,1.0,1.0231910440326883,08:54:23.475516
278,1000000,buy,2020-08-13,68.0,28.0,,,,,,4.0,1.0242453930579798,08:54:24.322558
279,1500000,buy,2020-08-13,70.0,28.0,,,,,,2.0,1.0254019355822,08:54:25.558733
280,10000,sell,2020-08-13,99.0,,,,,1.0,,,1.0215506023263463,08:54:26.388891
281,25000,sell,2020-08-13,100.0,,,,,,,,1.0215058407044688,08:54:27.959618
282,50000,sell,2020-08-13,100.0,,,,,,,,1.0214381806665787,08:54:28.829627
283,100000,sell,2020-08-13,100.0,,,,,,,,1.0213038660799547,08:54:30.172229
284,200000,sell,2020-08-13,89.0,11.0,,,,,,,1.0210632329402827,08:54:30.860082
285,500000,sell,2020-08-13,79.0,20.0,,,,,,1.0,1.0204723869266328,08:54:32.019371
286,1000000,sell,2020-08-13,74.0,24.0,,,,,,2.0,1.019596984704827,08:54:32.633176
287,1500000,sell,2020-08-13,74.0,25.0,,,,,,1.0,1.0187764579293996,08:54:33.386902
288,10000,buy,2020-08-13,,80.0,,,,,,20.0,1.021417643794404,08:55:34.916328
289,25000,buy,2020-08-13,,92.0,,,,,,8.0,1.021734841658487,08:55:36.408160
290,50000,buy,2020-08-13,3.0,93.0,,,,,,4.0,1.021984599041065,08:55:37.090642
291,100000,buy,2020-08-13,38.0,60.0,,,,,,2.0,1.0222407290256161,08:55:37.844819
292,200000,buy,2020-08-13,56.0,43.0,,,,,,1.0,1.0225180460896317,08:55:39.257617
293,500000,buy,2020-08-13,66.0,33.0,,,,,,1.0,1.0231777697763358,08:55:40.506455
294,1000000,buy,2020-08-13,67.0,29.0,,,,,,4.0,1.0242335114155003,08:55:41.179428
295,1500000,buy,2020-08-13,70.0,28.0,,,,,,2.0,1.0253896130512217,08:55:42.521574
296,10000,sell,2020-08-13,99.0,,,,,1.0,,,1.0215506023263463,08:55:43.274526
297,25000,sell,2020-08-13,100.0,,,,,,,,1.0215058407044688,08:55:44.091978
298,50000,sell,2020-08-13,100.0,,,,,,,,1.0214381806665787,08:55:45.358119
299,100000,sell,2020-08-13,100.0,,,,,,,,1.0213038660799547,08:55:45.985609
300,200000,sell,2020-08-13,90.0,10.0,,,,,,,1.0210592023583147,08:55:46.632280
301,500000,sell,2020-08-13,79.0,20.0,,,,,,1.0,1.020465025894594,08:55:47.744756
302,1000000,sell,2020-08-13,73.0,23.0,,,,,,4.0,1.019594820928675,08:55:48.414751
303,1500000,sell,2020-08-13,73.0,24.0,,,,,,3.0,1.018787907489247,08:55:49.658344
304,10000,buy,2020-08-13,,80.0,,,,,,20.0,1.021417642150168,08:56:50.618024
305,25000,buy,2020-08-13,,92.0,,,,,,8.0,1.0217348397506036,08:56:51.322379
306,50000,buy,2020-08-13,,96.0,,,,,,4.0,1.0219849375205314,08:56:52.692944
307,100000,buy,2020-08-13,36.0,62.0,,,,,,2.0,1.02225879360476,08:56:53.970537
308,200000,buy,2020-08-13,55.0,44.0,,,,,,1.0,1.0225453556469044,08:56:55.259681
309,500000,buy,2020-08-13,66.0,33.0,,,,,,1.0,1.0232112790704138,08:56:55.934390
310,1000000,buy,2020-08-13,67.0,29.0,,,,,,4.0,1.0242689482281253,08:56:56.743014
311,1500000,buy,2020-08-13,70.0,28.0,,,,,,2.0,1.0254284002176426,08:56:57.436928
312,10000,sell,2020-08-13,99.0,,,,,1.0,,,1.0215988705734727,08:56:58.677998
313,25000,sell,2020-08-13,100.0,,,,,,,,1.0215545071295085,08:57:00.065013
314,50000,sell,2020-08-13,100.0,,,,,,,,1.0214866996794971,08:57:01.352118
315,100000,sell,2020-08-13,100.0,,,,,,,,1.0213520923744932,08:57:02.198105
316,200000,sell,2020-08-13,90.0,9.0,,,,,1.0,,1.0211029815874162,08:57:03.595341
317,500000,sell,2020-08-13,79.0,19.0,,,,,1.0,1.0,1.020504580143601,08:57:04.335449
318,1000000,sell,2020-08-13,73.0,22.0,,,,,1.0,4.0,1.0196330906831792,08:57:05.873616
319,1500000,sell,2020-08-13,72.0,24.0,,,,,1.0,3.0,1.018825321529519,08:57:07.134607
320,10000,buy,2020-08-13,,90.0,,,,,,10.0,1.021068596713503,08:58:08.174513
321,25000,buy,2020-08-13,,96.0,,,,,,4.0,1.0212015544888757,08:58:09.199117
322,50000,buy,2020-08-13,,98.0,,,,,,2.0,1.0213836475910862,08:58:10.094002
323,100000,buy,2020-08-13,,99.0,,,,,,1.0,1.0217405979381309,08:58:11.449584
324,200000,buy,2020-08-13,33.0,66.0,,,,,,1.0,1.0222573706212843,08:58:12.904118
325,500000,buy,2020-08-13,57.0,42.0,,,,,,1.0,1.0230532492215876,08:58:13.779837
326,1000000,buy,2020-08-13,63.0,33.0,,,,,,4.0,1.0241530900356102,08:58:15.153397
327,1500000,buy,2020-08-13,67.0,31.0,,,,,,2.0,1.0253185809069594,08:58:16.109089
328,10000,sell,2020-08-13,75.0,,,,,1.0,24.0,,1.0219252087526238,08:58:17.306707
329,25000,sell,2020-08-13,90.0,,,,,,10.0,,1.021790238356098,08:58:18.683267
330,50000,sell,2020-08-13,94.0,,,,,,6.0,,1.0216913317871215,08:58:19.417031
331,100000,sell,2020-08-13,97.0,,,,,,3.0,,1.0215414991844516,08:58:20.189783
332,200000,sell,2020-08-13,98.0,,,,,,2.0,,1.0212685824351988,08:58:21.270438
333,500000,sell,2020-08-13,88.0,11.0,,,,,1.0,,1.0205514309248256,08:58:22.175148
334,1000000,sell,2020-08-13,78.0,18.0,,,,,1.0,3.0,1.0196290002811415,08:58:23.567708
335,1500000,sell,2020-08-13,76.0,21.0,,,,,1.0,2.0,1.0188116801248712,08:58:24.897275
336,10000,buy,2020-08-13,,80.0,,,,,,20.0,1.02088699699541,08:59:26.290624
337,25000,buy,2020-08-13,,92.0,,,,,,8.0,1.0211198551270546,08:59:28.059694
338,50000,buy,2020-08-13,,96.0,,,,,,4.0,1.0213351136157969,08:59:29.508729
339,100000,buy,2020-08-13,,98.0,,,,,,2.0,1.0217083720000975,08:59:30.262227
340,200000,buy,2020-08-13,33.0,66.0,,,,,,1.0,1.0222333058942001,08:59:31.065530
341,500000,buy,2020-08-13,57.0,42.0,,,,,,1.0,1.0230446696356652,08:59:31.827602
342,1000000,buy,2020-08-13,63.0,33.0,,,,,,4.0,1.0241495615716147,08:59:32.547150
343,1500000,buy,2020-08-13,67.0,31.0,,,,,,2.0,1.0253186930671057,08:59:34.121646
344,10000,sell,2020-08-13,99.0,,,,,1.0,,,1.021766759942626,08:59:35.269644
345,25000,sell,2020-08-13,100.0,,,,,,,,1.0217237190528863,08:59:35.944606
346,50000,sell,2020-08-13,100.0,,,,,,,,1.0216552968380779,08:59:37.318036
347,100000,sell,2020-08-13,100.0,,,,,,,,1.0215194721268241,08:59:37.885094
348,200000,sell,2020-08-13,100.0,,,,,,,,1.021251826263169,08:59:39.136500
349,500000,sell,2020-08-13,88.0,11.0,,,,,,1.0,1.0205370048465008,08:59:40.466321
350,1000000,sell,2020-08-13,78.0,18.0,,,,,,4.0,1.019619710046406,08:59:41.886447
351,1500000,sell,2020-08-13,76.0,21.0,,,,,,3.0,1.0187984736043179,08:59:42.646214
352,10000,buy,2020-08-13,,80.0,,,,,,20.0,1.020886995826853,09:00:44.067011
353,25000,buy,2020-08-13,,92.0,,,,,,8.0,1.0211198537714792,09:00:45.351018
354,50000,buy,2020-08-13,,96.0,,,,,,4.0,1.0213351121809924,09:00:46.151082
355,100000,buy,2020-08-13,,98.0,,,,,,2.0,1.0217083703880494,09:00:47.453499
356,200000,buy,2020-08-13,36.0,63.0,,,,,,1.0,1.0221909500657353,09:00:48.188482
357,500000,buy,2020-08-13,58.0,41.0,,,,,,1.0,1.0229711114711904,09:00:49.039705
358,1000000,buy,2020-08-13,63.0,33.0,,,,,,4.0,1.0240645170494218,09:00:49.787570
359,1500000,buy,2020-08-13,68.0,30.0,,,,,,2.0,1.0252224647051782,09:00:50.548569
360,10000,sell,2020-08-13,94.0,,,,,5.0,1.0,,1.0217251716177262,09:00:51.330870
361,25000,sell,2020-08-13,98.0,,,,,2.0,,,1.0216360600475753,09:00:52.733054
362,50000,sell,2020-08-13,99.0,,,,,1.0,,,1.021552096901733,09:00:53.607343
363,100000,sell,2020-08-13,99.0,,,,,1.0,,,1.0214020078647796,09:00:54.259001
364,200000,sell,2020-08-13,100.0,,,,,,,,1.0211325817236534,09:00:55.438067
365,500000,sell,2020-08-13,88.0,12.0,,,,,,,1.0204348731658792,09:00:56.514076
366,1000000,sell,2020-08-13,77.0,19.0,,,,,,4.0,1.0195329585312427,09:00:57.744027
367,1500000,sell,2020-08-13,75.0,22.0,,,,,,3.0,1.0187184867924588,09:00:59.152130
368,10000,buy,2020-08-13,,90.0,,,,,,10.0,1.0209838693949105,09:02:00.669980
369,25000,buy,2020-08-13,,96.0,,,,,,4.0,1.0211888338430328,09:02:01.937907
370,50000,buy,2020-08-13,,98.0,,,,,,2.0,1.0213951609927483,09:02:03.180873
371,100000,buy,2020-08-13,1.0,98.0,,,,,,1.0,1.021764658641635,09:02:04.291979
372,200000,buy,2020-08-13,37.0,62.0,,,,,,1.0,1.022228586281448,09:02:05.595945
373,500000,buy,2020-08-13,58.0,41.0,,,,,,1.0,1.022995088635782,09:02:06.250458
374,1000000,buy,2020-08-13,64.0,32.0,,,,,,4.0,1.0240828598040457,09:02:07.299115
375,1500000,buy,2020-08-13,68.0,30.0,,,,,,2.0,1.0252385630432335,09:02:08.616277
376,10000,sell,2020-08-13,94.0,,,,,5.0,1.0,,1.0217251716177262,09:02:09.866469
377,25000,sell,2020-08-13,98.0,,,,,2.0,,,1.0216360600475753,09:02:10.699667
378,50000,sell,2020-08-13,99.0,,,,,1.0,,,1.021552096901733,09:02:11.609956
379,100000,sell,2020-08-13,99.0,,,,,1.0,,,1.0214020078647796,09:02:13.003531
380,200000,sell,2020-08-13,100.0,,,,,,,,1.0211325817236534,09:02:14.286455
381,500000,sell,2020-08-13,87.0,13.0,,,,,,,1.0204394744048115,09:02:15.834204
382,1000000,sell,2020-08-13,77.0,19.0,,,,,,4.0,1.019537224902236,09:02:17.345349
383,1500000,sell,2020-08-13,76.0,22.0,,,,,,2.0,1.0187222637539841,09:02:18.654955
384,10000,buy,2020-08-13,,90.0,,,,,,10.0,1.0209838674747225,09:03:19.445460
385,25000,buy,2020-08-13,,96.0,,,,,,4.0,1.0211888317770492,09:03:20.727050
386,50000,buy,2020-08-13,,98.0,,,,,,2.0,1.02139515885349,09:03:21.990646
387,100000,buy,2020-08-13,1.0,98.0,,,,,,1.0,1.0217646564412721,09:03:22.742405
388,200000,buy,2020-08-13,37.0,62.0,,,,,,1.0,1.0222285848674302,09:03:23.497181
389,500000,buy,2020-08-13,58.0,41.0,,,,,,1.0,1.0230030177307217,09:03:24.171965
390,1000000,buy,2020-08-13,66.0,33.0,,,,,,1.0,1.0241190588657942,09:03:25.459553
391,1500000,buy,2020-08-13,69.0,31.0,,,,,,,1.0253194879017935,09:03:26.822116
392,10000,sell,2020-08-13,99.0,,,,,1.0,,,1.0216460411230748,09:03:28.178683
393,25000,sell,2020-08-13,100.0,,,,,,,,1.02160136075046,09:03:28.979426
394,50000,sell,2020-08-13,100.0,,,,,,,,1.0215333928763402,09:03:29.860143
395,100000,sell,2020-08-13,100.0,,,,,,,,1.0213984672057217,09:03:31.132736
396,200000,sell,2020-08-13,100.0,,,,,,,,1.0211325817236534,09:03:31.911487
397,500000,sell,2020-08-13,87.0,13.0,,,,,,,1.0204394742073715,09:03:32.643252
398,1000000,sell,2020-08-13,78.0,20.0,,,,,,2.0,1.019528795114295,09:03:33.320035
399,1500000,sell,2020-08-13,76.0,22.0,,,,,,2.0,1.018716962916171,09:03:33.939837
400,10000,buy,2020-08-13,,80.0,,,,,,20.0,1.0209161397358117,09:04:34.909644
401,25000,buy,2020-08-13,,92.0,,,,,,8.0,1.0211535388769413,09:04:35.750956
402,50000,buy,2020-08-13,,96.0,,,,,,4.0,1.0213705481093838,09:04:37.176476
403,100000,buy,2020-08-13,,98.0,,,,,,2.0,1.0217451379363713,09:04:38.499121
404,200000,buy,2020-08-13,36.0,63.0,,,,,,1.0,1.0222284428491375,09:04:39.319122
405,500000,buy,2020-08-13,57.0,41.0,,,,,,2.0,1.02300553899162,09:04:40.062417
406,1000000,buy,2020-08-13,63.0,33.0,,,,,,4.0,1.0240844178601698,09:04:41.280889
407,1500000,buy,2020-08-13,68.0,30.0,,,,,,2.0,1.0252508186219864,09:04:41.967820
408,10000,sell,2020-08-13,95.0,,,,,5.0,,,1.021776496846863,09:04:43.343959
409,25000,sell,2020-08-13,98.0,,,,,2.0,,,1.0216791918159778,09:04:44.659022
410,50000,sell,2020-08-13,99.0,,,,,1.0,,,1.0215923666727604,09:04:45.878114
411,100000,sell,2020-08-13,99.0,,,,,1.0,,,1.0214420943378641,09:04:47.275501
412,200000,sell,2020-08-13,100.0,,,,,,,,1.0211696077010697,09:04:48.555074
413,500000,sell,2020-08-13,88.0,12.0,,,,,,,1.0204711169611478,09:04:49.281404
414,1000000,sell,2020-08-13,79.0,19.0,,,,,,2.0,1.0195565107158355,09:04:50.008356
415,1500000,sell,2020-08-13,76.0,22.0,,,,,,2.0,1.0187431901451045,09:04:51.159507
416,10000,buy,2020-08-13,,80.0,,,,,,20.0,1.0209161391352044,09:05:52.255477
417,25000,buy,2020-08-13,,92.0,,,,,,8.0,1.0211535369938627,09:05:53.124418
418,50000,buy,2020-08-13,,96.0,,,,,,4.0,1.0213705461162224,09:05:54.358550
419,100000,buy,2020-08-13,3.0,95.0,,,,,,2.0,1.021744491065849,09:05:55.629811
420,200000,buy,2020-08-13,38.0,61.0,,,,,,1.0,1.0221937243046093,09:05:56.382032
421,500000,buy,2020-08-13,58.0,40.0,,,,,,2.0,1.0229492265751596,09:05:57.147145
422,1000000,buy,2020-08-13,64.0,32.0,,,,,,4.0,1.024018514116283,09:05:58.364933
423,1500000,buy,2020-08-13,68.0,30.0,,,,,,2.0,1.0251758026711641,09:05:59.868034
424,10000,sell,2020-08-13,87.0,,,,,6.0,7.0,,1.0217234692588704,09:06:01.113044
425,25000,sell,2020-08-13,95.0,,,,,2.0,3.0,,1.02160383101617,09:06:02.902950
426,50000,sell,2020-08-13,97.0,,,,,1.0,2.0,,1.0215112549006926,09:06:03.733742
427,100000,sell,2020-08-13,97.0,,,,,1.0,2.0,,1.0213611414548085,09:06:05.005432
428,200000,sell,2020-08-13,99.0,,,,,,1.0,,1.0210877151001063,09:06:06.146586
429,500000,sell,2020-08-13,86.0,13.0,,,,,1.0,,1.020406683789814,09:06:06.970468
430,1000000,sell,2020-08-13,77.0,20.0,,,,,1.0,2.0,1.0195045422518894,09:06:07.696968
431,1500000,sell,2020-08-13,75.0,22.0,,,,,1.0,2.0,1.0186966760418898,09:06:09.085834
432,10000,buy,2020-08-13,,80.0,,,,,,20.0,1.0209161369924993,09:07:09.853084
433,25000,buy,2020-08-13,,92.0,,,,,,8.0,1.021153535694539,09:07:10.536141
434,50000,buy,2020-08-13,,96.0,,,,,,4.0,1.0213705447409416,09:07:11.843912
435,100000,buy,2020-08-13,2.0,96.0,,,,,,2.0,1.0217447157716575,09:07:12.515519
436,200000,buy,2020-08-13,38.0,61.0,,,,,,1.0,1.022197781099676,09:07:13.465096
437,500000,buy,2020-08-13,59.0,40.0,,,,,,1.0,1.0229559693053623,09:07:14.753142
438,1000000,buy,2020-08-13,64.0,32.0,,,,,,4.0,1.0240309039955342,09:07:16.054445
439,1500000,buy,2020-08-13,68.0,31.0,,,,,,1.0,1.0253112599896044,09:07:17.409042
440,10000,sell,2020-08-13,,,100.0,,,,,,1.0327579236588147,09:07:18.146580
441,25000,sell,2020-08-13,,,88.0,,,,12.0,,1.0284545236661602,09:07:19.492293
442,50000,sell,2020-08-13,71.0,,,,,,29.0,,1.022837243235416,09:07:20.729016
443,100000,sell,2020-08-13,85.0,,,,,,15.0,,1.0221157718517468,09:07:22.095774
444,200000,sell,2020-08-13,92.0,,,,,,8.0,,1.0215572074810275,09:07:22.901642
445,500000,sell,2020-08-13,85.0,11.0,,,,,4.0,,1.0206713484584167,09:07:24.203063
446,1000000,sell,2020-08-13,78.0,19.0,,,,,2.0,1.0,1.019685212105512,09:07:24.846155
447,1500000,sell,2020-08-13,74.0,22.0,,,,,2.0,2.0,1.0188426064582443,09:07:26.108374
448,10000,buy,2020-08-13,,80.0,,,,,,20.0,1.0209161358692538,09:08:27.099837
449,25000,buy,2020-08-13,,92.0,,,,,,8.0,1.021153534391534,09:08:28.383424
450,50000,buy,2020-08-13,,96.0,,,,,,4.0,1.0213705433618085,09:08:29.109192
451,100000,buy,2020-08-13,,98.0,,,,,,2.0,1.0217451329486864,09:08:30.518740
452,200000,buy,2020-08-13,34.0,65.0,,,,,,1.0,1.0222577756776703,09:08:31.890301
453,500000,buy,2020-08-13,57.0,42.0,,,,,,1.0,1.023059957728907,09:08:33.256864
454,1000000,buy,2020-08-13,63.0,33.0,,,,,,4.0,1.0241576759314104,09:08:34.190564
455,1500000,buy,2020-08-13,67.0,31.0,,,,,,2.0,1.0253259962222825,09:08:35.467155
456,10000,sell,2020-08-13,99.0,,,,,1.0,,,1.0217663915634123,09:08:36.228910
457,25000,sell,2020-08-13,100.0,,,,,,,,1.0217224560264497,09:08:36.969674
458,50000,sell,2020-08-13,100.0,,,,,,,,1.0216541209029748,09:08:37.838395
459,100000,sell,2020-08-13,100.0,,,,,,,,1.0215184680460225,09:08:39.096991
460,200000,sell,2020-08-13,100.0,,,,,,,,1.02125115683145,09:08:39.780773
461,500000,sell,2020-08-13,88.0,11.0,,,,,,1.0,1.0205408808422691,09:08:40.492545
462,1000000,sell,2020-08-13,79.0,19.0,,,,,,2.0,1.0196223681041696,09:08:41.884099
463,1500000,sell,2020-08-13,76.0,22.0,,,,,,2.0,1.0188022915565969,09:08:43.179683
464,10000,buy,2020-08-13,,80.0,,,,,,20.0,1.0209161345565883,09:09:44.287161
465,25000,buy,2020-08-13,,92.0,,,,,,8.0,1.0211535328688033,09:09:45.009390
466,50000,buy,2020-08-13,,96.0,,,,,,4.0,1.0213705417501282,09:09:46.217552
467,100000,buy,2020-08-13,8.0,90.0,,,,,,2.0,1.0217394781492586,09:09:47.657288
468,200000,buy,2020-08-13,41.0,58.0,,,,,,1.0,1.0221541644890737,09:09:48.453915
469,500000,buy,2020-08-13,60.0,39.0,,,,,,1.0,1.022889677329435,09:09:49.702856
470,1000000,buy,2020-08-13,65.0,32.0,,,,,,3.0,1.0239723062735198,09:09:51.085480
471,1500000,buy,2020-08-13,68.0,30.0,,,,,,2.0,1.0251055673185099,09:09:51.711165
472,10000,sell,2020-08-13,,,,,,,100.0,,1.025979803602528,09:09:53.041300
473,25000,sell,2020-08-13,,,54.0,,,,46.0,,1.023766575912257,09:09:54.249073
474,50000,sell,2020-08-13,74.0,,,,,,26.0,,1.022375953958415,09:09:55.046731
475,100000,sell,2020-08-13,86.0,,,,,,14.0,,1.0217794409931662,09:09:56.434461
476,200000,sell,2020-08-13,93.0,,,,,,7.0,,1.0212870109972947,09:09:57.246806
477,500000,sell,2020-08-13,83.0,13.0,,,,,3.0,1.0,1.0204775782881415,09:09:58.095027
478,1000000,sell,2020-08-13,76.0,20.0,,,,,2.0,2.0,1.0195412656508995,09:09:58.834787
479,1500000,sell,2020-08-13,75.0,22.0,,,,,1.0,2.0,1.0187372702086106,09:10:00.449865
480,10000,buy,2020-08-13,,80.0,,,,,,20.0,1.0209161333436185,09:11:01.666993
481,25000,buy,2020-08-13,,92.0,,,,,,8.0,1.021153531461723,09:11:03.415583
482,50000,buy,2020-08-13,,96.0,,,,,,4.0,1.0213705402608535,09:11:04.508354
483,100000,buy,2020-08-13,1.0,97.0,,,,,,2.0,1.0217450213617532,09:11:05.531505
484,200000,buy,2020-08-13,37.0,62.0,,,,,,1.0,1.0222051448788436,09:11:06.327394
485,500000,buy,2020-08-13,59.0,40.0,,,,,,1.0,1.0229696958750036,09:11:07.811345
486,1000000,buy,2020-08-13,64.0,32.0,,,,,,4.0,1.0240625143126179,09:11:09.125353
487,1500000,buy,2020-08-13,68.0,30.0,,,,,,2.0,1.0252063613676319,09:11:09.954438
488,10000,sell,2020-08-13,96.0,,,,,1.0,3.0,,1.0216577679195806,09:11:10.787935
489,25000,sell,2020-08-13,99.0,,,,,,1.0,,1.0215922397405903,09:11:13.071145
490,50000,sell,2020-08-13,97.0,,,,,,3.0,,1.0215213357106099,09:11:15.033630
491,100000,sell,2020-08-13,98.0,,,,,,2.0,,1.0213857760210006,09:11:15.789162
492,200000,sell,2020-08-13,99.0,,,,,,1.0,,1.0211216799043479,09:11:16.627983
493,500000,sell,2020-08-13,86.0,12.0,,,,,1.0,1.0,1.0204417026736585,09:11:17.414467
494,1000000,sell,2020-08-13,78.0,19.0,,,,,1.0,2.0,1.0195358119056783,09:11:18.130986
495,1500000,sell,2020-08-13,75.0,22.0,,,,,1.0,2.0,1.0187273380922994,09:11:19.388962
496,10000,buy,2020-08-13,,80.0,,,,,,20.0,1.020923320457761,09:12:20.269742
497,25000,buy,2020-08-13,,92.0,,,,,,8.0,1.0211618379708773,09:12:21.029898
498,50000,buy,2020-08-13,,96.0,,,,,,4.0,1.0213792775763355,09:12:22.502080
499,100000,buy,2020-08-13,1.0,97.0,,,,,,2.0,1.0217540672683985,09:12:23.813094
500,200000,buy,2020-08-13,37.0,62.0,,,,,,1.0,1.0222137677325531,09:12:25.162189
501,500000,buy,2020-08-13,59.0,40.0,,,,,,1.0,1.0229778859187502,09:12:26.513544
502,1000000,buy,2020-08-13,65.0,32.0,,,,,,3.0,1.024073980071309,09:12:27.585140
503,1500000,buy,2020-08-13,68.0,30.0,,,,,,2.0,1.025215287212787,09:12:28.360888
504,10000,sell,2020-08-13,96.0,,,,,1.0,3.0,,1.0216652231273438,09:12:29.702836
505,25000,sell,2020-08-13,99.0,,,,,,1.0,,1.021599944977073,09:12:31.044721
506,50000,sell,2020-08-13,97.0,,,,,,3.0,,1.021532293607845,09:12:31.787709
507,100000,sell,2020-08-13,98.0,,,,,,2.0,,1.0213957358874663,09:12:33.121498
508,200000,sell,2020-08-13,99.0,,,,,,1.0,,1.0211306968902003,09:12:33.785259
509,500000,sell,2020-08-13,86.0,12.0,,,,,1.0,1.0,1.0204509245653361,09:12:34.665036
510,1000000,sell,2020-08-13,78.0,19.0,,,,,1.0,2.0,1.019555638705474,09:12:35.340023
511,1500000,sell,2020-08-13,76.0,22.0,,,,,1.0,1.0,1.0187286394579083,09:12:36.696444
512,10000,buy,2020-08-13,,90.0,,,,,,10.0,1.0211082090626389,09:13:38.039824
513,25000,buy,2020-08-13,,96.0,,,,,,4.0,1.0212440126326232,09:13:39.312416
514,50000,buy,2020-08-13,,98.0,,,,,,2.0,1.0214273395597586,09:13:40.054178
515,100000,buy,2020-08-13,2.0,97.0,,,,,,1.0,1.0217850727882185,09:13:41.724643
516,200000,buy,2020-08-13,37.0,62.0,,,,,,1.0,1.0222392765006034,09:13:42.492399
517,500000,buy,2020-08-13,59.0,40.0,,,,,,1.0,1.0229899387547052,09:13:44.147867
518,1000000,buy,2020-08-13,64.0,32.0,,,,,,4.0,1.024080526770391,09:13:45.024800
519,1500000,buy,2020-08-13,68.0,30.0,,,,,,2.0,1.0252196000502025,09:13:45.845984
520,10000,sell,2020-08-13,93.0,,,,,4.0,3.0,,1.0217045535943512,09:13:46.585793
521,25000,sell,2020-08-13,98.0,,,,,1.0,1.0,,1.0216156155568032,09:13:47.872026
522,50000,sell,2020-08-13,98.0,,,,,1.0,1.0,,1.0215299438766947,09:13:49.211077
523,100000,sell,2020-08-13,100.0,,,,,,,,1.0213815811809521,09:13:50.422328
524,200000,sell,2020-08-13,100.0,,,,,,,,1.0211175202173715,09:13:51.225650
525,500000,sell,2020-08-13,86.0,13.0,,,,,,1.0,1.02043532552777,09:13:51.874038
526,1000000,sell,2020-08-13,77.0,19.0,,,,,,4.0,1.0195512470903199,09:13:53.120782
527,1500000,sell,2020-08-13,76.0,22.0,,,,,,2.0,1.0187355063143955,09:13:53.808035
528,10000,buy,2020-08-13,,80.0,,,,,,20.0,1.0209233183296909,09:14:54.625973
529,25000,buy,2020-08-13,,92.0,,,,,,8.0,1.0211618355022503,09:14:55.385591
530,50000,buy,2020-08-13,,96.0,,,,,,4.0,1.0213792749635051,09:14:56.119046
531,100000,buy,2020-08-13,1.0,97.0,,,,,,2.0,1.0217540460249181,09:14:56.852059
532,200000,buy,2020-08-13,37.0,62.0,,,,,,1.0,1.0222130741373077,09:14:57.858737
533,500000,buy,2020-08-13,59.0,40.0,,,,,,1.0,1.0229767517799473,09:14:59.203177
534,1000000,buy,2020-08-13,64.0,32.0,,,,,,4.0,1.0240708203530258,09:15:00.548322
535,1500000,buy,2020-08-13,68.0,30.0,,,,,,2.0,1.0252132707985988,09:15:01.199889
536,10000,sell,2020-08-13,93.0,,,,,4.0,3.0,,1.0217045535943512,09:15:02.921233
537,25000,sell,2020-08-13,98.0,,,,,1.0,1.0,,1.0216156155568032,09:15:03.821042
538,50000,sell,2020-08-13,98.0,,,,,1.0,1.0,,1.0215299438766947,09:15:04.827296
539,100000,sell,2020-08-13,100.0,,,,,,,,1.0213815811809521,09:15:06.269504
540,200000,sell,2020-08-13,100.0,,,,,,,,1.0211175202173715,09:15:07.524947
541,500000,sell,2020-08-13,86.0,13.0,,,,,,1.0,1.020435325400813,09:15:08.411890
542,1000000,sell,2020-08-13,77.0,19.0,,,,,,4.0,1.0195526686971141,09:15:09.154896
543,1500000,sell,2020-08-13,75.0,22.0,,,,,,3.0,1.0187374455392544,09:15:10.625924
544,10000,buy,2020-08-13,,80.0,,,,,,20.0,1.0209233175316652,09:16:12.311962
545,25000,buy,2020-08-13,,92.0,,,,,,8.0,1.0211618345765154,09:16:13.696863
546,50000,buy,2020-08-13,,96.0,,,,,,4.0,1.0213792739836942,09:16:14.472953
547,100000,buy,2020-08-13,,98.0,,,,,,2.0,1.0217541895894398,09:16:15.824118
548,200000,buy,2020-08-13,30.0,69.0,,,,,,1.0,1.022317311658254,09:16:17.155449
549,500000,buy,2020-08-13,56.0,43.0,,,,,,1.0,1.0231579732959977,09:16:18.108589
550,1000000,buy,2020-08-13,62.0,34.0,,,,,,4.0,1.0242810361123258,09:16:18.797575
551,1500000,buy,2020-08-13,66.0,31.0,,,1.0,,,2.0,1.0254435146145044,09:16:20.211242
552,10000,sell,2020-08-13,95.0,,,,,3.0,2.0,,1.021994542812808,09:16:21.489608
553,25000,sell,2020-08-13,98.0,,,,,1.0,1.0,,1.0219173275805713,09:16:22.813350
554,50000,sell,2020-08-13,98.0,,,,,1.0,1.0,,1.0218309956889848,09:16:24.100077
555,100000,sell,2020-08-13,100.0,,,,,,,,1.0216873866778566,09:16:24.781109
556,200000,sell,2020-08-13,100.0,,,,,,,,1.021420646547607,09:16:26.142292
557,500000,sell,2020-08-13,89.0,10.0,,,,,,1.0,1.0206961938016637,09:16:26.703976
558,1000000,sell,2020-08-13,79.0,17.0,,,,,,4.0,1.019777057267739,09:16:27.736991
559,1500000,sell,2020-08-13,77.0,21.0,,,,,,2.0,1.0189497753805592,09:16:28.483934
560,10000,buy,2020-08-13,,90.0,,,,,,10.0,1.0213610213782467,09:17:29.887985
561,25000,buy,2020-08-13,,96.0,,,,,,4.0,1.02159405961027,09:17:31.255081
562,50000,buy,2020-08-13,7.0,91.0,,,,,,2.0,1.0218112419414145,09:17:32.056996
563,100000,buy,2020-08-13,40.0,59.0,,,,,,1.0,1.0220342516049756,09:17:33.389930
564,200000,buy,2020-08-13,57.0,42.0,,,,,,1.0,1.0222939009356964,09:17:34.594685
565,500000,buy,2020-08-13,67.0,32.0,,,,,,1.0,1.02292860930896,09:17:35.292999
566,1000000,buy,2020-08-13,69.0,28.0,,,,,,3.0,1.0239714135369942,09:17:36.592212
567,1500000,buy,2020-08-13,71.0,27.0,,,,,,2.0,1.025079781671839,09:17:38.053131
568,10000,sell,2020-08-13,93.0,,,,,4.0,3.0,,1.0214024029263615,09:17:39.408525
569,25000,sell,2020-08-13,97.0,,,,,2.0,1.0,,1.0213011212177363,09:17:40.177590
570,50000,sell,2020-08-13,98.0,,,,,1.0,1.0,,1.0212143550743793,09:17:40.870231
571,100000,sell,2020-08-13,100.0,,,,,,,,1.0210631814134468,09:17:41.843681
572,200000,sell,2020-08-13,94.0,6.0,,,,,,,1.0208128078025416,09:17:43.096006
573,500000,sell,2020-08-13,79.0,18.0,,,,,,3.0,1.0202226160212027,09:17:44.385806
574,1000000,sell,2020-08-13,74.0,22.0,,,,,,4.0,1.0193865533408482,09:17:45.907318
575,1500000,sell,2020-08-13,74.0,24.0,,,,,,2.0,1.0185894305639598,09:17:47.171913
576,10000,buy,2020-08-13,,80.0,,,,,,20.0,1.0211065857570465,09:18:48.153378
577,25000,buy,2020-08-13,,92.0,,,,,,8.0,1.0213741118508197,09:18:49.108072
578,50000,buy,2020-08-13,,96.0,,,,,,4.0,1.0216033778150877,09:18:50.447643
579,100000,buy,2020-08-13,24.0,74.0,,,,,,2.0,1.021925215207399,09:18:51.733232
580,200000,buy,2020-08-13,49.0,50.0,,,,,,1.0,1.0222484918736179,09:18:52.952841
581,500000,buy,2020-08-13,63.0,36.0,,,,,,1.0,1.0229251738445186,09:18:53.733593
582,1000000,buy,2020-08-13,66.0,30.0,,,,,,4.0,1.0239827032026267,09:18:54.572323
583,1500000,buy,2020-08-13,70.0,28.0,,,,,,2.0,1.0250996005860447,09:18:55.159134
584,10000,sell,2020-08-13,,,99.0,,,,1.0,,1.0236215305412166,09:18:56.508702
585,25000,sell,2020-08-13,96.0,,,,,3.0,1.0,,1.0214508556336546,09:18:57.268459
586,50000,sell,2020-08-13,98.0,,,,,1.0,1.0,,1.0213389208049717,09:18:58.561046
587,100000,sell,2020-08-13,98.0,,,,,1.0,1.0,,1.0211907136294776,09:19:00.057565
588,200000,sell,2020-08-13,96.0,3.0,,,,,1.0,,1.020918201907895,09:19:00.821322
589,500000,sell,2020-08-13,80.0,17.0,,,,,1.0,2.0,1.020308471105964,09:19:02.193880
590,1000000,sell,2020-08-13,75.0,21.0,,,,,1.0,3.0,1.0194593515984136,09:19:03.564443
591,1500000,sell,2020-08-13,74.0,23.0,,,,,1.0,2.0,1.0186636594149405,09:19:04.274214
592,10000,buy,2020-08-13,,80.0,,,,,,20.0,1.021103734853994,09:20:05.338191
593,25000,buy,2020-08-13,,92.0,,,,,,8.0,1.0213708166647522,09:20:06.743946
594,50000,buy,2020-08-13,,96.0,,,,,,4.0,1.021599911532574,09:20:07.802918
595,100000,buy,2020-08-13,24.0,74.0,,,,,,2.0,1.021925214314161,09:20:08.573043
596,200000,buy,2020-08-13,49.0,50.0,,,,,,1.0,1.0222484912607914,09:20:09.324692
597,500000,buy,2020-08-13,63.0,36.0,,,,,,1.0,1.0229251733819684,09:20:10.179403
598,1000000,buy,2020-08-13,66.0,30.0,,,,,,4.0,1.0239827027878725,09:20:12.098811
599,1500000,buy,2020-08-13,70.0,28.0,,,,,,2.0,1.0250996001681902,09:20:13.450668
600,10000,sell,2020-08-13,97.0,,,,,,3.0,,1.021447289386162,09:20:14.884130
601,25000,sell,2020-08-13,99.0,,,,,,1.0,,1.0213825807345167,09:20:16.206863
602,50000,sell,2020-08-13,99.0,,,,,,1.0,,1.0213059051299238,09:20:17.076420
603,100000,sell,2020-08-13,100.0,,,,,,,,1.0211680714293938,09:20:18.299021
604,200000,sell,2020-08-13,97.0,3.0,,,,,,,1.0209113903952323,09:20:19.585011
605,500000,sell,2020-08-13,82.0,17.0,,,,,,1.0,1.0203011394956105,09:20:20.917931
606,1000000,sell,2020-08-13,76.0,21.0,,,,,,3.0,1.0194452865817645,09:20:21.704978
607,1500000,sell,2020-08-13,74.0,24.0,,,,,,2.0,1.018650746278267,09:20:22.665457
608,10000,buy,2020-08-13,,80.0,,,,,,20.0,1.0211010696525595,09:21:23.946239
609,25000,buy,2020-08-13,,92.0,,,,,,8.0,1.0213677359200586,09:21:24.759262
610,50000,buy,2020-08-13,,96.0,,,,,,4.0,1.0215966704730963,09:21:26.098149
611,100000,buy,2020-08-13,24.0,74.0,,,,,,2.0,1.0219226941068158,09:21:27.508284
612,200000,buy,2020-08-13,49.0,50.0,,,,,,1.0,1.0222467734037037,09:21:28.234917
613,500000,buy,2020-08-13,63.0,36.0,,,,,,1.0,1.0229239029776305,09:21:29.526293
614,1000000,buy,2020-08-13,67.0,30.0,,,,,,3.0,1.0239817512424036,09:21:30.407406
615,1500000,buy,2020-08-13,70.0,28.0,,,,,,2.0,1.0250985253188414,09:21:32.012007
616,10000,sell,2020-08-13,97.0,,,,,,3.0,,1.021447289386162,09:21:32.718368
617,25000,sell,2020-08-13,99.0,,,,,,1.0,,1.0213825807345167,09:21:33.514835
618,50000,sell,2020-08-13,99.0,,,,,,1.0,,1.0213059051299238,09:21:34.816469
619,100000,sell,2020-08-13,100.0,,,,,,,,1.0211680714293938,09:21:36.126561
620,200000,sell,2020-08-13,97.0,3.0,,,,,,,1.0209112909278206,09:21:37.399251
621,500000,sell,2020-08-13,82.0,17.0,,,,,,1.0,1.020300590437772,09:21:38.660143
622,1000000,sell,2020-08-13,76.0,21.0,,,,,,3.0,1.019449129708737,09:21:39.482148
623,1500000,sell,2020-08-13,75.0,24.0,,,,,,1.0,1.0186295586869372,09:21:40.168707
624,10000,buy,2020-08-13,,80.0,,,,,,20.0,1.0210893792217983,09:22:41.525671
625,25000,buy,2020-08-13,,92.0,,,,,,8.0,1.0213542228411372,09:22:42.314806
626,50000,buy,2020-08-13,,96.0,,,,,,4.0,1.0215824542678618,09:22:43.550604
627,100000,buy,2020-08-13,23.0,75.0,,,,,,2.0,1.021911541761577,09:22:44.899070
628,200000,buy,2020-08-13,49.0,50.0,,,,,,1.0,1.0222390423388035,09:22:45.724973
629,500000,buy,2020-08-13,63.0,36.0,,,,,,1.0,1.0229180738217916,09:22:46.453365
630,1000000,buy,2020-08-13,66.0,30.0,,,,,,4.0,1.023976273985858,09:22:47.851416
631,1500000,buy,2020-08-13,69.0,29.0,,,,,,2.0,1.025093352018066,09:22:48.591887
632,10000,sell,2020-08-13,97.0,,,,,,3.0,,1.0214469049021888,09:22:49.967756
633,25000,sell,2020-08-13,99.0,,,,,,1.0,,1.0213821888416215,09:22:50.719806
634,50000,sell,2020-08-13,99.0,,,,,,1.0,,1.0213055140859606,09:22:51.962114
635,100000,sell,2020-08-13,99.0,,,,,,1.0,,1.021168891505195,09:22:53.249521
636,200000,sell,2020-08-13,97.0,2.0,,,,,1.0,,1.0209135816536543,09:22:54.238997
637,500000,sell,2020-08-13,81.0,17.0,,,,,1.0,1.0,1.0203027924918486,09:22:55.474158
638,1000000,sell,2020-08-13,74.0,21.0,,,,,1.0,4.0,1.0194570891154264,09:22:56.260536
639,1500000,sell,2020-08-13,73.0,23.0,,,,,1.0,3.0,1.018659336765428,09:22:57.039144
640,10000,buy,2020-08-13,,80.0,,,,,,20.0,1.0210893777844947,09:23:57.934635
641,25000,buy,2020-08-13,,92.0,,,,,,8.0,1.0213542211736935,09:23:58.824351
642,50000,buy,2020-08-13,,96.0,,,,,,4.0,1.0215824525029051,09:23:59.919000
643,100000,buy,2020-08-13,23.0,75.0,,,,,,2.0,1.0219115403608747,09:24:00.795719
644,200000,buy,2020-08-13,49.0,50.0,,,,,,1.0,1.0222390412796771,09:24:01.522487
645,500000,buy,2020-08-13,63.0,36.0,,,,,,1.0,1.0229180730223995,09:24:03.205947
646,1000000,buy,2020-08-13,66.0,30.0,,,,,,4.0,1.0239762732690951,09:24:04.671479
647,1500000,buy,2020-08-13,69.0,29.0,,,,,,2.0,1.025093351326624,09:24:05.988057
648,10000,sell,2020-08-13,95.0,,,,,2.0,3.0,,1.0214633328828382,09:24:07.367615
649,25000,sell,2020-08-13,98.0,,,,,1.0,1.0,,1.0213894132007135,09:24:08.142601
650,50000,sell,2020-08-13,99.0,,,,,,1.0,,1.0213055140859606,09:24:09.441129
651,100000,sell,2020-08-13,99.0,,,,,,1.0,,1.0211734450319812,09:24:10.306211
652,200000,sell,2020-08-13,97.0,2.0,,,,,1.0,,1.0209181336283129,09:24:11.664980
653,500000,sell,2020-08-13,81.0,17.0,,,,,1.0,1.0,1.020307339665685,09:24:12.951062
654,1000000,sell,2020-08-13,74.0,21.0,,,,,1.0,4.0,1.0194616286952494,09:24:13.793973
655,1500000,sell,2020-08-13,73.0,23.0,,,,,1.0,3.0,1.01866386881421,09:24:15.130236
656,10000,buy,2020-08-13,,80.0,,,,,,20.0,1.0210893767699274,09:25:16.532819
657,25000,buy,2020-08-13,,92.0,,,,,,8.0,1.0213542199966745,09:25:17.828103
658,50000,buy,2020-08-13,,96.0,,,,,,4.0,1.0215824512570537,09:25:19.185350
659,100000,buy,2020-08-13,24.0,74.0,,,,,,2.0,1.0219084670977447,09:25:20.023246
660,200000,buy,2020-08-13,49.0,50.0,,,,,,1.0,1.0222326880526567,09:25:20.746057
661,500000,buy,2020-08-13,63.0,36.0,,,,,,1.0,1.022909614473408,09:25:22.134918
662,1000000,buy,2020-08-13,66.0,30.0,,,,,,4.0,1.0239668896977092,09:25:23.512544
663,1500000,buy,2020-08-13,70.0,28.0,,,,,,2.0,1.0250828498962987,09:25:24.578368
664,10000,sell,2020-08-13,,,50.0,,,,50.0,,1.022362948906187,09:25:25.798440
665,25000,sell,2020-08-13,77.0,,,,,1.0,22.0,,1.0217159532536602,09:25:27.185616
666,50000,sell,2020-08-13,88.0,,,,,,12.0,,1.0214813663867506,09:25:28.137448
667,100000,sell,2020-08-13,94.0,,,,,,6.0,,1.0212715706617843,09:25:29.411018
668,200000,sell,2020-08-13,94.0,2.0,,,,,4.0,,1.020972151217526,09:25:30.229094
669,500000,sell,2020-08-13,80.0,17.0,,,,,2.0,1.0,1.0203342488032632,09:25:31.210589
670,1000000,sell,2020-08-13,74.0,21.0,,,,,1.0,4.0,1.0194812260965784,09:25:32.537761
671,1500000,sell,2020-08-13,73.0,23.0,,,,,1.0,3.0,1.018683933275851,09:25:33.221707
672,10000,buy,2020-08-13,,80.0,,,,,,20.0,1.0210893755526365,09:26:34.623828
673,25000,buy,2020-08-13,,92.0,,,,,,8.0,1.021354218584472,09:26:35.987155
674,50000,buy,2020-08-13,,96.0,,,,,,4.0,1.0215824497622639,09:26:37.174597
675,100000,buy,2020-08-13,24.0,74.0,,,,,,2.0,1.0219087604811679,09:26:38.539671
676,200000,buy,2020-08-13,49.0,50.0,,,,,,1.0,1.02223328973412,09:26:39.472819
677,500000,buy,2020-08-13,63.0,36.0,,,,,,1.0,1.0229112291121774,09:26:40.819950
678,1000000,buy,2020-08-13,68.0,30.0,,,,,,2.0,1.0239852079334604,09:26:42.148192
679,1500000,buy,2020-08-13,70.0,29.0,,,,,,1.0,1.0251202551423098,09:26:43.528568
680,10000,sell,2020-08-13,,,74.0,,,,26.0,,1.0239135676467828,09:26:44.214550
681,25000,sell,2020-08-13,72.0,,,,,1.0,27.0,,1.0218856422382288,09:26:45.445649
682,50000,sell,2020-08-13,86.0,,,,,,14.0,,1.0215701947948712,09:26:46.156586
683,100000,sell,2020-08-13,93.0,,,,,,7.0,,1.021315954852658,09:26:47.395610
684,200000,sell,2020-08-13,94.0,2.0,,,,,4.0,,1.0209985821294176,09:26:48.730895
685,500000,sell,2020-08-13,81.0,16.0,,,,,2.0,1.0,1.0203448916529085,09:26:50.141197
686,1000000,sell,2020-08-13,75.0,21.0,,,,,1.0,3.0,1.019473948978901,09:26:51.387196
687,1500000,sell,2020-08-13,74.0,23.0,,,,,1.0,2.0,1.018681666552132,09:26:51.953273
688,10000,buy,2020-08-13,,90.0,,,,,,10.0,1.0212951782287831,09:27:52.934050
689,25000,buy,2020-08-13,,96.0,,,,,,4.0,1.0214448841408674,09:27:53.732120
690,50000,buy,2020-08-13,,98.0,,,,,,2.0,1.0216348613636368,09:27:55.232093
691,100000,buy,2020-08-13,27.0,72.0,,,,,,1.0,1.021928783842361,09:27:56.103804
692,200000,buy,2020-08-13,50.0,49.0,,,,,,1.0,1.0222400524478774,09:27:57.634436
693,500000,buy,2020-08-13,64.0,35.0,,,,,,1.0,1.0228982401798594,09:27:58.984743
694,1000000,buy,2020-08-13,67.0,30.0,,,,,,3.0,1.0239477075298675,09:28:00.118018
695,1500000,buy,2020-08-13,70.0,28.0,,,,,,2.0,1.0250575551074197,09:28:01.447047
696,10000,sell,2020-08-13,95.0,,,,,2.0,3.0,,1.0214075282621558,09:28:02.478994
697,25000,sell,2020-08-13,98.0,,,,,1.0,1.0,,1.021336518253485,09:28:04.051077
698,50000,sell,2020-08-13,99.0,,,,,,1.0,,1.021256602374355,09:28:05.443069
699,100000,sell,2020-08-13,100.0,,,,,,,,1.0211186709467903,09:28:06.346054
700,200000,sell,2020-08-13,95.0,4.0,,,,,1.0,,1.0208653549763889,09:28:07.061827
701,500000,sell,2020-08-13,81.0,17.0,,,,,1.0,1.0,1.0202611670575248,09:28:08.370064
702,1000000,sell,2020-08-13,75.0,21.0,,,,,1.0,3.0,1.0194093985907173,09:28:09.205691
703,1500000,sell,2020-08-13,74.0,23.0,,,,,1.0,2.0,1.0186181526818998,09:28:10.129912
704,10000,buy,2020-08-13,,80.0,,,,,,20.0,1.021089372426751,09:29:11.530244
705,25000,buy,2020-08-13,,92.0,,,,,,8.0,1.0213542149580632,09:29:12.808834
706,50000,buy,2020-08-13,,96.0,,,,,,4.0,1.0215824459237655,09:29:13.368655
707,100000,buy,2020-08-13,23.0,75.0,,,,,,2.0,1.0219146491835014,09:29:14.756211
708,200000,buy,2020-08-13,48.0,51.0,,,,,,1.0,1.0222456183633548,09:29:16.072788
709,500000,buy,2020-08-13,63.0,36.0,,,,,,1.0,1.0229268339640265,09:29:17.342382
710,1000000,buy,2020-08-13,66.0,30.0,,,,,,4.0,1.0239822033451056,09:29:18.559991
711,1500000,buy,2020-08-13,69.0,29.0,,,,,,2.0,1.025101763100152,09:29:19.492693
712,10000,sell,2020-08-13,97.0,,,,,,3.0,,1.0214599974048795,09:29:20.477378
713,25000,sell,2020-08-13,99.0,,,,,,1.0,,1.021395531750992,09:29:21.434071
714,50000,sell,2020-08-13,99.0,,,,,,1.0,,1.0213188250429044,09:29:22.242812
715,100000,sell,2020-08-13,99.0,,,,,,1.0,,1.0211811687698722,09:29:22.969579
716,200000,sell,2020-08-13,97.0,2.0,,,,,1.0,,1.0209254668083052,09:29:24.274160
717,500000,sell,2020-08-13,81.0,17.0,,,,,1.0,1.0,1.0203101388280242,09:29:25.242851
718,1000000,sell,2020-08-13,74.0,21.0,,,,,1.0,4.0,1.0194449470553713,09:29:26.600416
719,1500000,sell,2020-08-13,74.0,23.0,,,,,1.0,2.0,1.0186536353293985,09:29:27.590100
720,10000,buy,2020-08-13,,80.0,,,,,,20.0,1.0210893714155655,09:30:29.229634
721,25000,buy,2020-08-13,,92.0,,,,,,8.0,1.0213542137849538,09:30:29.970571
722,50000,buy,2020-08-13,,96.0,,,,,,4.0,1.0215824446820276,09:30:31.584672
723,100000,buy,2020-08-13,23.0,75.0,,,,,,2.0,1.0219138768288822,09:30:32.960883
724,200000,buy,2020-08-13,48.0,51.0,,,,,,1.0,1.022243993637265,09:30:33.736564
725,500000,buy,2020-08-13,63.0,36.0,,,,,,1.0,1.022924645760889,09:30:36.391576
726,1000000,buy,2020-08-13,66.0,30.0,,,,,,4.0,1.0239798137700848,09:30:37.139121
727,1500000,buy,2020-08-13,69.0,29.0,,,,,,2.0,1.0250991471854305,09:30:38.593168
728,10000,sell,2020-08-13,,,50.0,,,,50.0,,1.0303020720139533,09:30:39.773114
729,25000,sell,2020-08-13,,,50.0,,,,50.0,,1.0270316754512818,09:30:40.529988
730,50000,sell,2020-08-13,61.0,,,,,,39.0,,1.0234862795009658,09:30:41.835208
731,100000,sell,2020-08-13,80.0,,,,,,20.0,,1.0223173258555667,09:30:43.250951
732,200000,sell,2020-08-13,90.0,,,,,,10.0,,1.021539975074299,09:30:44.566643
733,500000,sell,2020-08-13,79.0,16.0,,,,,4.0,1.0,1.020593868000879,09:30:45.325011
734,1000000,sell,2020-08-13,73.0,21.0,,,,,3.0,3.0,1.0196144920333892,09:30:46.223289
735,1500000,sell,2020-08-13,73.0,23.0,,,,,2.0,2.0,1.018794074988036,09:30:47.070852
736,10000,buy,2020-08-13,,80.0,,,,,,20.0,1.0210893705579782,09:31:48.278764
737,25000,buy,2020-08-13,17.0,75.0,,,,,,8.0,1.0214671290606858,09:31:49.540024
738,50000,buy,2020-08-13,,93.0,,,,,3.0,4.0,1.021642432164604,09:31:50.251268
739,100000,buy,2020-08-13,25.0,71.0,,,,,2.0,2.0,1.0219570929175184,09:31:51.618826
740,200000,buy,2020-08-13,49.0,49.0,,,,,1.0,1.0,1.0222718179031818,09:31:52.448922
741,500000,buy,2020-08-13,63.0,35.0,,,,,1.0,1.0,1.0229393369348738,09:31:53.390143
742,1000000,buy,2020-08-13,66.0,30.0,,,,,1.0,3.0,1.023986331444024,09:31:54.813736
743,1500000,buy,2020-08-13,69.0,28.0,,,,,1.0,2.0,1.0250935859075505,09:31:56.140012
744,10000,sell,2020-08-13,97.0,,,,,,3.0,,1.0214675779091944,09:31:57.226044
745,25000,sell,2020-08-13,99.0,,,,,,1.0,,1.0213958386542314,09:31:58.447180
746,50000,sell,2020-08-13,99.0,,,,,,1.0,,1.0213191355501499,09:32:00.165052
747,100000,sell,2020-08-13,100.0,,,,,,,,1.0211777539300155,09:32:01.497217
748,200000,sell,2020-08-13,96.0,4.0,,,,,,,1.020922593507845,09:32:02.274350
749,500000,sell,2020-08-13,81.0,18.0,,,,,,1.0,1.0203152433694023,09:32:03.107009
750,1000000,sell,2020-08-13,75.0,21.0,,,,,,4.0,1.0194513495460098,09:32:04.198140
751,1500000,sell,2020-08-13,74.0,23.0,,,,,,3.0,1.0186601454350923,09:32:05.023071
752,10000,buy,2020-08-13,,90.0,,,,,,10.0,1.0212233235961095,09:33:06.469454
753,25000,buy,2020-08-13,,96.0,,,,,,4.0,1.0214461767119165,09:33:07.821980
754,50000,buy,2020-08-13,,98.0,,,,,,2.0,1.02166111921187,09:33:08.663800
755,100000,buy,2020-08-13,26.0,73.0,,,,,,1.0,1.0219724820915346,09:33:10.047285
756,200000,buy,2020-08-13,49.0,50.0,,,,,,1.0,1.0222881393866914,09:33:10.883058
757,500000,buy,2020-08-13,64.0,35.0,,,,,,1.0,1.0229578923548175,09:33:12.202636
758,1000000,buy,2020-08-13,66.0,30.0,,,,,,4.0,1.024009734192563,09:33:13.517214
759,1500000,buy,2020-08-13,70.0,28.0,,,,,,2.0,1.0251273610168627,09:33:15.043726
760,10000,sell,2020-08-13,97.0,,,,,,3.0,,1.021475824881744,09:33:16.396293
761,25000,sell,2020-08-13,99.0,,,,,,1.0,,1.0214042428967818,09:33:17.816839
762,50000,sell,2020-08-13,99.0,,,,,,1.0,,1.0213275188800492,09:33:18.615580
763,100000,sell,2020-08-13,100.0,,,,,,,,1.0211861791822279,09:33:20.027130
764,200000,sell,2020-08-13,96.0,4.0,,,,,,,1.020929758756936,09:33:20.822874
765,500000,sell,2020-08-13,82.0,17.0,,,,,,1.0,1.020318382210003,09:33:22.125457
766,1000000,sell,2020-08-13,75.0,21.0,,,,,,4.0,1.0194531022784417,09:33:22.779245
767,1500000,sell,2020-08-13,74.0,24.0,,,,,,2.0,1.018661192979777,09:33:24.057837
768,10000,buy,2020-08-13,,80.0,,,,,,20.0,1.021128854796019,09:34:24.878950
769,25000,buy,2020-08-13,,92.0,,,,,,8.0,1.0214000237813554,09:34:25.741295
770,50000,buy,2020-08-13,,96.0,,,,,,4.0,1.0216309413588687,09:34:26.541895
771,100000,buy,2020-08-13,25.0,73.0,,,,,,2.0,1.0219538432648476,09:34:28.050170
772,200000,buy,2020-08-13,49.0,50.0,,,,,,1.0,1.0222743198504258,09:34:29.281117
773,500000,buy,2020-08-13,64.0,35.0,,,,,,1.0,1.0229496479710505,09:34:30.527206
774,1000000,buy,2020-08-13,66.0,30.0,,,,,,4.0,1.0240041321686104,09:34:31.320487
775,1500000,buy,2020-08-13,70.0,28.0,,,,,,2.0,1.0251238395269247,09:34:32.088137
776,10000,sell,2020-08-13,90.0,,,,,7.0,3.0,,1.0216382149654872,09:34:33.404529
777,25000,sell,2020-08-13,96.0,,,,,3.0,1.0,,1.0214708711901834,09:34:34.699598
778,50000,sell,2020-08-13,98.0,,,,,1.0,1.0,,1.021359975510114,09:34:35.984019
779,100000,sell,2020-08-13,99.0,,,,,1.0,,,1.0212033998794114,09:34:36.771472
780,200000,sell,2020-08-13,96.0,4.0,,,,,,,1.0209297586657449,09:34:37.580140
781,500000,sell,2020-08-13,83.0,17.0,,,,,,,1.0203168759916632,09:34:38.463060
782,1000000,sell,2020-08-13,75.0,22.0,,,,,,3.0,1.0194482379675378,09:34:39.779367
783,1500000,sell,2020-08-13,74.0,24.0,,,,,,2.0,1.0186583763614012,09:34:40.921939
784,10000,buy,2020-08-13,,90.0,,,,,,10.0,1.0195138726616688,09:35:42.198935
785,25000,buy,2020-08-13,,96.0,,,,,,4.0,1.0196093796023966,09:35:43.468885
786,50000,buy,2020-08-13,,98.0,,,,,,2.0,1.019763212474224,09:35:44.255919
787,100000,buy,2020-08-13,,98.0,,,,,,2.0,1.0200736903403795,09:35:45.108952
788,200000,buy,2020-08-13,,99.0,,,,,,1.0,1.02072066434954,09:35:45.880608
789,500000,buy,2020-08-13,42.0,57.0,,,,,,1.0,1.0219749874092836,09:35:46.654977
790,1000000,buy,2020-08-13,58.0,41.0,,,,,,1.0,1.0232137189599553,09:35:48.015011
791,1500000,buy,2020-08-13,63.0,36.0,,,,,,1.0,1.0243759893389826,09:35:49.382712
792,10000,sell,2020-08-13,80.0,,,,,20.0,,,1.0228702692675673,09:35:50.166529
793,25000,sell,2020-08-13,92.0,,,,,8.0,,,1.0219686975013857,09:35:51.447500
794,50000,sell,2020-08-13,96.0,,,,,4.0,,,1.0216152919182153,09:35:52.769812
795,100000,sell,2020-08-13,98.0,,,,,2.0,,,1.0213403050107686,09:35:54.187127
796,200000,sell,2020-08-13,99.0,,,,,1.0,,,1.0210095562958539,09:35:55.282371
797,500000,sell,2020-08-13,99.0,,,,,,,1.0,1.0201858399980317,09:35:55.969127
798,1000000,sell,2020-08-13,85.0,11.0,,,,,,4.0,1.0191716084801632,09:35:56.625194
799,1500000,sell,2020-08-13,81.0,16.0,,,,,,3.0,1.0183337342331908,09:35:57.880512
800,10000,buy,2020-08-13,,90.0,,,,,,10.0,1.0195138714660466,09:36:59.259886
801,25000,buy,2020-08-13,,96.0,,,,,,4.0,1.0196093783165814,09:37:00.075034
802,50000,buy,2020-08-13,,98.0,,,,,,2.0,1.019763211143487,09:37:01.473137
803,100000,buy,2020-08-13,,98.0,,,,,,2.0,1.0200736891761915,09:37:02.721251
804,200000,buy,2020-08-13,,99.0,,,,,,1.0,1.020720663104611,09:37:03.839477
805,500000,buy,2020-08-13,42.0,57.0,,,,,,1.0,1.0219772458095833,09:37:04.970818
806,1000000,buy,2020-08-13,57.0,42.0,,,,,,1.0,1.023217772630752,09:37:06.336891
807,1500000,buy,2020-08-13,62.0,36.0,,,,,,2.0,1.0243618393144174,09:37:07.319912
808,10000,sell,2020-08-13,77.0,,,,,23.0,,,1.023275660699909,09:37:08.418372
809,25000,sell,2020-08-13,91.0,,,,,9.0,,,1.0221421856373216,09:37:09.730284
810,50000,sell,2020-08-13,95.0,,,,,5.0,,,1.021708200571669,09:37:11.216332
811,100000,sell,2020-08-13,98.0,,,,,2.0,,,1.0213938414922275,09:37:12.668524
812,200000,sell,2020-08-13,99.0,,,,,1.0,,,1.0210446717464547,09:37:13.692931
813,500000,sell,2020-08-13,98.0,,,,,1.0,,1.0,1.0202097453025518,09:37:14.683596
814,1000000,sell,2020-08-13,85.0,11.0,,,,,,4.0,1.0191849738649623,09:37:15.879564
815,1500000,sell,2020-08-13,81.0,16.0,,,,,,3.0,1.0183459857465318,09:37:17.430036
816,10000,buy,2020-08-13,,90.0,,,,,,10.0,1.0195329562603317,09:38:18.169582
817,25000,buy,2020-08-13,,96.0,,,,,,4.0,1.019629878646802,09:38:19.498155
818,50000,buy,2020-08-13,,98.0,,,,,,2.0,1.0197843858761144,09:38:20.221923
819,100000,buy,2020-08-13,,98.0,,,,,,2.0,1.0200953636050873,09:38:21.141628
820,200000,buy,2020-08-13,,99.0,,,,,,1.0,1.0207436542192496,09:38:21.985357
821,500000,buy,2020-08-13,42.0,57.0,,,,,,1.0,1.0219884561299342,09:38:23.352919
822,1000000,buy,2020-08-13,58.0,41.0,,,,,,1.0,1.0232246920668475,09:38:24.088684
823,1500000,buy,2020-08-13,62.0,36.0,,,,,,2.0,1.024366245602818,09:38:25.405262
824,10000,sell,2020-08-13,79.0,,,,,21.0,,,1.0230523501566542,09:38:26.192009
825,25000,sell,2020-08-13,91.0,,,,,9.0,,,1.022046746265163,09:38:27.855476
826,50000,sell,2020-08-13,96.0,,,,,4.0,,,1.0216595737273235,09:38:28.429292
827,100000,sell,2020-08-13,98.0,,,,,2.0,,,1.0213679629020231,09:38:29.804852
828,200000,sell,2020-08-13,99.0,,,,,1.0,,,1.0210288326807613,09:38:31.144424
829,500000,sell,2020-08-13,99.0,,,,,,,1.0,1.020198720476023,09:38:32.528979
830,1000000,sell,2020-08-13,88.0,12.0,,,,,,,1.0191426868518119,09:38:33.413696
831,1500000,sell,2020-08-13,83.0,17.0,,,,,,,1.0182887986596818,09:38:34.132466
832,10000,buy,2020-08-13,,90.0,,,,,,10.0,1.019474908970118,09:39:35.186544
833,25000,buy,2020-08-13,,96.0,,,,,,4.0,1.0195675340705879,09:39:35.999485
834,50000,buy,2020-08-13,,98.0,,,,,,2.0,1.0197200042018966,09:39:37.255489
835,100000,buy,2020-08-13,,98.0,,,,,,2.0,1.020029490508111,09:39:37.983266
836,200000,buy,2020-08-13,,99.0,,,,,,1.0,1.0206738413928549,09:39:39.310302
837,500000,buy,2020-08-13,41.0,58.0,,,,,,1.0,1.021945975138687,09:39:40.022306
838,1000000,buy,2020-08-13,57.0,42.0,,,,,,1.0,1.0231917194344495,09:39:40.787676
839,1500000,buy,2020-08-13,62.0,36.0,,,,,,2.0,1.024335855307852,09:39:41.770891
840,10000,sell,2020-08-13,78.0,,,,,22.0,,,1.0231838564069933,09:39:42.759025
841,25000,sell,2020-08-13,91.0,,,,,9.0,,,1.0221013485910033,09:39:44.016016
842,50000,sell,2020-08-13,96.0,,,,,4.0,,,1.021683864720971,09:39:45.558841
843,100000,sell,2020-08-13,98.0,,,,,2.0,,,1.021380108398847,09:39:46.841606
844,200000,sell,2020-08-13,99.0,,,,,1.0,,,1.021034905429173,09:39:47.404490
845,500000,sell,2020-08-13,95.0,,,,,1.0,,4.0,1.0202124315953818,09:39:48.683542
846,1000000,sell,2020-08-13,86.0,10.0,,,,,,4.0,1.019207008152892,09:39:49.475606
847,1500000,sell,2020-08-13,81.0,16.0,,,,,,3.0,1.018356363243162,09:39:50.747611
848,10000,buy,2020-08-13,,90.0,,,,,,10.0,1.019479015273775,09:40:51.757996
849,25000,buy,2020-08-13,,96.0,,,,,,4.0,1.0195719688020493,09:40:53.175862
850,50000,buy,2020-08-13,,98.0,,,,,,2.0,1.0197246261672246,09:40:54.121021
851,100000,buy,2020-08-13,,98.0,,,,,,2.0,1.0200343054775833,09:40:55.506002
852,200000,buy,2020-08-13,,99.0,,,,,,1.0,1.0206791342553012,09:40:56.235965
853,500000,buy,2020-08-13,41.0,58.0,,,,,,1.0,1.0219493353414855,09:40:57.519922
854,1000000,buy,2020-08-13,57.0,42.0,,,,,,1.0,1.023194448374011,09:40:58.984105
855,1500000,buy,2020-08-13,62.0,36.0,,,,,,2.0,1.024338462308084,09:41:00.092454
856,10000,sell,2020-08-13,96.0,,,,,4.0,,,1.0214989460074482,09:41:00.968918
857,25000,sell,2020-08-13,98.0,,,,,2.0,,,1.0214213822719074,09:41:01.709955
858,50000,sell,2020-08-13,99.0,,,,,1.0,,,1.0213432301930905,09:41:03.345693
859,100000,sell,2020-08-13,100.0,,,,,,,,1.021197255940959,09:41:04.781089
860,200000,sell,2020-08-13,100.0,,,,,,,,1.0209383750520526,09:41:05.617155
861,500000,sell,2020-08-13,96.0,,,,,,,4.0,1.0202092257694955,09:41:06.385065
862,1000000,sell,2020-08-13,86.0,10.0,,,,,,4.0,1.0192076442792077,09:41:07.865123
863,1500000,sell,2020-08-13,81.0,16.0,,,,,,3.0,1.0183571032856786,09:41:09.143088
864,10000,buy,2020-08-13,,90.0,,,,,,10.0,1.0195462708312932,09:42:10.628847
865,25000,buy,2020-08-13,,96.0,,,,,,4.0,1.019644039741391,09:42:12.066878
866,50000,buy,2020-08-13,,98.0,,,,,,2.0,1.0197987685385308,09:42:13.359763
867,100000,buy,2020-08-13,,98.0,,,,,,2.0,1.020109590036072,09:42:14.163848
868,200000,buy,2020-08-13,,99.0,,,,,,1.0,1.0207576473435056,09:42:14.959758
869,500000,buy,2020-08-13,42.0,57.0,,,,,,1.0,1.021977466779063,09:42:15.597953
870,1000000,buy,2020-08-13,58.0,41.0,,,,,,1.0,1.0232023278990086,09:42:16.886009
871,1500000,buy,2020-08-13,62.0,36.0,,,,,,2.0,1.0243390557005696,09:42:18.109850
872,10000,sell,2020-08-13,96.0,,,,,4.0,,,1.0214574187109549,09:42:18.985120
873,25000,sell,2020-08-13,98.0,,,,,2.0,,,1.0213790966663887,09:42:19.768920
874,50000,sell,2020-08-13,99.0,,,,,1.0,,,1.021300693119574,09:42:21.130800
875,100000,sell,2020-08-13,100.0,,,,,,,,1.0211546523959938,09:42:21.969034
876,200000,sell,2020-08-13,100.0,,,,,,,,1.0208964748452827,09:42:23.342349
877,500000,sell,2020-08-13,96.0,,,,,,,4.0,1.0201678950209325,09:42:24.726308
878,1000000,sell,2020-08-13,85.0,11.0,,,,,,4.0,1.0191798627837303,09:42:25.647481
879,1500000,sell,2020-08-13,80.0,17.0,,,,,,3.0,1.0183366246010737,09:42:26.406255
880,10000,buy,2020-08-13,,100.0,,,,,,,1.0195637306597838,09:43:27.887948
881,25000,buy,2020-08-13,,100.0,,,,,,,1.0196539958853286,09:43:29.176088
882,50000,buy,2020-08-13,,100.0,,,,,,,1.0198062927710398,09:43:30.446942
883,100000,buy,2020-08-13,,99.0,,,,,,1.0,1.0201159785219402,09:43:31.288963
884,200000,buy,2020-08-13,,100.0,,,,,,,1.0207716873438486,09:43:32.158683
885,500000,buy,2020-08-13,43.0,57.0,,,,,,,1.0219809724522055,09:43:33.675197
886,1000000,buy,2020-08-13,58.0,41.0,,,,,,1.0,1.0232054711313079,09:43:34.746855
887,1500000,buy,2020-08-13,62.0,36.0,,,,,,2.0,1.0243398743802696,09:43:35.494614
888,10000,sell,2020-08-13,96.0,,,,,4.0,,,1.021454356117759,09:43:36.846181
889,25000,sell,2020-08-13,98.0,,,,,2.0,,,1.0213759759158996,09:43:38.108776
890,50000,sell,2020-08-13,99.0,,,,,1.0,,,1.0212975500586987,09:43:39.347380
891,100000,sell,2020-08-13,100.0,,,,,,,,1.0211514968985378,09:43:40.108137
892,200000,sell,2020-08-13,100.0,,,,,,,,1.020893357039135,09:43:41.503689
893,500000,sell,2020-08-13,98.0,,,,,,,2.0,1.020158303710936,09:43:42.449387
894,1000000,sell,2020-08-13,86.0,11.0,,,,,,3.0,1.0191584131214215,09:43:44.059872
895,1500000,sell,2020-08-13,81.0,17.0,,,,,,2.0,1.018320982984635,09:43:45.637365
896,10000,buy,2020-08-13,,90.0,,,,,,10.0,1.019539543361058,09:44:46.473247
897,25000,buy,2020-08-13,,96.0,,,,,,4.0,1.0196368310395,09:44:47.238884
898,50000,buy,2020-08-13,,98.0,,,,,,2.0,1.0197913534441199,09:44:48.514272
899,100000,buy,2020-08-13,,98.0,,,,,,2.0,1.0201020623051489,09:44:49.529049
900,200000,buy,2020-08-13,,99.0,,,,,,1.0,1.0207498001364284,09:44:50.938565
901,500000,buy,2020-08-13,42.0,57.0,,,,,,1.0,1.021972401540986,09:44:52.167021
902,1000000,buy,2020-08-13,58.0,41.0,,,,,,1.0,1.02319953668904,09:44:53.372661
903,1500000,buy,2020-08-13,62.0,36.0,,,,,,2.0,1.0243359865419255,09:44:55.017983
904,10000,sell,2020-08-13,100.0,,,,,,,,1.021388146633469,09:44:55.703958
905,25000,sell,2020-08-13,100.0,,,,,,,,1.0213484153069186,09:44:57.432829
906,50000,sell,2020-08-13,100.0,,,,,,,,1.021282455295154,09:44:58.713928
907,100000,sell,2020-08-13,100.0,,,,,,,,1.0211514968985378,09:45:00.112666
908,200000,sell,2020-08-13,100.0,,,,,,,,1.020893357039135,09:45:00.857952
909,500000,sell,2020-08-13,98.0,,,,,,,2.0,1.0201654187109361,09:45:01.810838
910,1000000,sell,2020-08-13,87.0,12.0,,,,,,1.0,1.0191334696038652,09:45:02.733842
911,1500000,sell,2020-08-13,82.0,17.0,,,,,,1.0,1.018289515995777,09:45:04.537815
912,10000,buy,2020-08-13,,90.0,,,,,,10.0,1.0199096819402673,09:46:06.065872
913,25000,buy,2020-08-13,,96.0,,,,,,4.0,1.0200344235763765,09:46:06.874005
914,50000,buy,2020-08-13,,98.0,,,,,,2.0,1.0202020120994877,09:46:08.575233
915,100000,buy,2020-08-13,,98.0,,,,,,2.0,1.0205223776333798,09:46:09.967677
916,200000,buy,2020-08-13,14.0,85.0,,,,,,1.0,1.0211596674489143,09:46:11.351944
917,500000,buy,2020-08-13,49.0,50.0,,,,,,1.0,1.0221372894734286,09:46:12.118453
918,1000000,buy,2020-08-13,61.0,38.0,,,,,,1.0,1.0232816564484633,09:46:13.415587
919,1500000,buy,2020-08-13,65.0,33.0,,,,,,2.0,1.0243907879645242,09:46:14.733882
920,10000,sell,2020-08-13,100.0,,,,,,,,1.0212092218333375,09:46:16.166974
921,25000,sell,2020-08-13,100.0,,,,,,,,1.021169876441813,09:46:16.930938
922,50000,sell,2020-08-13,100.0,,,,,,,,1.0211045560424277,09:46:18.162921
923,100000,sell,2020-08-13,100.0,,,,,,,,1.0209748634774285,09:46:18.945678
924,200000,sell,2020-08-13,100.0,,,,,,,,1.020719202881468,09:46:20.284875
925,500000,sell,2020-08-13,93.0,3.0,,,,,,4.0,1.0200036668277181,09:46:21.055762
926,1000000,sell,2020-08-13,82.0,14.0,,,,,,4.0,1.0190780802735895,09:46:22.345844
927,1500000,sell,2020-08-13,78.0,19.0,,,,,,3.0,1.0182674775695382,09:46:23.068760
928,10000,buy,2020-08-13,,90.0,,,,,,10.0,1.0199037005509843,09:47:24.383039
929,25000,buy,2020-08-13,,96.0,,,,,,4.0,1.0200279976380788,09:47:25.701797
930,50000,buy,2020-08-13,,98.0,,,,,,2.0,1.020195373640554,09:47:26.341458
931,100000,buy,2020-08-13,,99.0,,,,,,1.0,1.0205219187913737,09:47:27.326429
932,200000,buy,2020-08-13,13.0,86.0,,,,,,1.0,1.021167113534807,09:47:28.126016
933,500000,buy,2020-08-13,50.0,50.0,,,,,,,1.022139957152436,09:47:28.870990
934,1000000,buy,2020-08-13,61.0,38.0,,,,,,1.0,1.0232812484735212,09:47:29.784882
935,1500000,buy,2020-08-13,65.0,33.0,,,,,,2.0,1.024390846377436,09:47:31.129669
936,10000,sell,2020-08-13,99.0,,,,,1.0,,,1.0212150841631118,09:47:31.872328
937,25000,sell,2020-08-13,99.0,,,,,1.0,,,1.0211711763112978,09:47:32.800707
938,50000,sell,2020-08-13,100.0,,,,,,,,1.0211033786734767,09:47:34.040723
939,100000,sell,2020-08-13,100.0,,,,,,,,1.02097369698092,09:47:35.406126
940,200000,sell,2020-08-13,100.0,,,,,,,,1.020718057658113,09:47:36.607104
941,500000,sell,2020-08-13,94.0,3.0,,,,,,3.0,1.0199987831307324,09:47:37.345085
942,1000000,sell,2020-08-13,82.0,15.0,,,,,,3.0,1.0190662932776056,09:47:38.532896
943,1500000,sell,2020-08-13,79.0,19.0,,,,,,2.0,1.0182579066036697,09:47:39.650860
944,10000,buy,2020-08-13,,90.0,,,,,,10.0,1.0198953530134005,09:48:40.418396
945,25000,buy,2020-08-13,,96.0,,,,,,4.0,1.0200190522020398,09:48:41.769963
946,50000,buy,2020-08-13,,98.0,,,,,,2.0,1.0201861713133977,09:48:42.528720
947,100000,buy,2020-08-13,,99.0,,,,,,1.0,1.0205124771121854,09:48:43.382446
948,200000,buy,2020-08-13,68.0,31.0,,,,,,1.0,1.0224381299234901,09:48:44.736011
949,500000,buy,2020-08-13,71.0,28.0,,,,,,1.0,1.0230461731372782,09:48:46.045593
950,1000000,buy,2020-08-13,71.0,26.0,,,,,,3.0,1.0240814035897194,09:48:46.866330
951,1500000,buy,2020-08-13,72.0,26.0,,,,,,2.0,1.0251779267275891,09:48:48.203900
952,10000,sell,2020-08-13,99.0,,,,,1.0,,,1.0212922568038212,09:48:49.395519
953,25000,sell,2020-08-13,99.0,,,,,1.0,,,1.0212485817097712,09:48:50.126285
954,50000,sell,2020-08-13,94.0,6.0,,,,,,,1.0211836279097706,09:48:51.033995
955,100000,sell,2020-08-13,84.0,16.0,,,,,,,1.0210781823651227,09:48:51.751764
956,200000,sell,2020-08-13,79.0,21.0,,,,,,,1.0208849354029597,09:48:52.472534
957,500000,sell,2020-08-13,75.0,24.0,,,,,,1.0,1.0203391409910993,09:48:53.161313
958,1000000,sell,2020-08-13,71.0,25.0,,,,,,4.0,1.0195047802691066,09:48:54.373924
959,1500000,sell,2020-08-13,72.0,26.0,,,,,,2.0,1.018717988914242,09:48:55.767479
960,10000,buy,2020-08-13,80.0,,,,,,,20.0,1.0210226004085066,09:49:56.929033
961,25000,buy,2020-08-13,92.0,,,,,,,8.0,1.0212160779701969,09:49:57.634468
962,50000,buy,2020-08-13,96.0,,,,,,,4.0,1.0213297042068714,09:49:58.409434
963,100000,buy,2020-08-13,98.0,,,,,,,2.0,1.0214793742077923,09:49:59.818150
964,200000,buy,2020-08-13,90.0,9.0,,,,,,1.0,1.0217285199649118,09:50:01.153799
965,500000,buy,2020-08-13,80.0,19.0,,,,,,1.0,1.0223497744314045,09:50:01.945791
966,1000000,buy,2020-08-13,77.0,22.0,,,,,,1.0,1.023364374013154,09:50:03.755235
967,1500000,buy,2020-08-13,75.0,23.0,,,,,,2.0,1.0244232297398628,09:50:05.197328
968,10000,sell,2020-08-13,,98.0,,,,2.0,,,1.0210487047536307,09:50:06.386449
969,25000,sell,2020-08-13,,99.0,,,,1.0,,,1.0209359425039835,09:50:07.032248
970,50000,sell,2020-08-13,5.0,94.0,,,,1.0,,,1.0207547229530853,09:50:08.910766
971,100000,sell,2020-08-13,39.0,61.0,,,,,,,1.020551323533326,09:50:09.560024
972,200000,sell,2020-08-13,56.0,43.0,,,,,,1.0,1.0203170812141622,09:50:10.369419
973,500000,sell,2020-08-13,64.0,32.0,,,,,,4.0,1.019772875524913,09:50:11.823958
974,1000000,sell,2020-08-13,67.0,29.0,,,,,,4.0,1.018966917832922,09:50:13.087675
975,1500000,sell,2020-08-13,68.0,29.0,,,,,,3.0,1.018199015654392,09:50:14.437853
976,10000,buy,2020-08-13,80.0,,,,,,,20.0,1.0210226004085066,09:51:15.733849
977,25000,buy,2020-08-13,92.0,,,,,,,8.0,1.0212160779701969,09:51:16.457824
978,50000,buy,2020-08-13,96.0,,,,,,,4.0,1.0213297042068714,09:51:17.774988
979,100000,buy,2020-08-13,98.0,,,,,,,2.0,1.0214793742077923,09:51:18.699968
980,200000,buy,2020-08-13,90.0,9.0,,,,,,1.0,1.0217285198073225,09:51:19.643498
981,500000,buy,2020-08-13,80.0,19.0,,,,,,1.0,1.0223497740835157,09:51:20.406718
982,1000000,buy,2020-08-13,77.0,22.0,,,,,,1.0,1.0233643737743485,09:51:21.505327
983,1500000,buy,2020-08-13,75.0,23.0,,,,,,2.0,1.0244232294698594,09:51:22.889029
984,10000,sell,2020-08-13,,76.0,,,,9.0,15.0,,1.0214170631825952,09:51:23.599919
985,25000,sell,2020-08-13,,89.0,,,,4.0,7.0,,1.0211041571360422,09:51:24.761712
986,50000,sell,2020-08-13,,93.0,,,,2.0,5.0,,1.020862523478663,09:51:26.138123
987,100000,sell,2020-08-13,36.0,60.0,,,,1.0,3.0,,1.0206117725717667,09:51:27.200950
988,200000,sell,2020-08-13,54.0,42.0,,,,1.0,2.0,1.0,1.0203392357021015,09:51:28.215100
989,500000,sell,2020-08-13,63.0,32.0,,,,,1.0,4.0,1.0197877833620683,09:51:29.581329
990,1000000,sell,2020-08-13,66.0,29.0,,,,,1.0,4.0,1.0189826153246146,09:51:30.591347
991,1500000,sell,2020-08-13,68.0,28.0,,,,,1.0,3.0,1.0182144162101603,09:51:31.984601
992,10000,buy,2020-08-13,80.0,,,,,,,20.0,1.0210226004085066,09:52:32.854717
993,25000,buy,2020-08-13,92.0,,,,,,,8.0,1.0212160779701969,09:52:33.673309
994,50000,buy,2020-08-13,96.0,,,,,,,4.0,1.0213783700304582,09:52:34.990884
995,100000,buy,2020-08-13,98.0,,,,,,,2.0,1.021529342034926,09:52:35.771665
996,200000,buy,2020-08-13,89.0,10.0,,,,,,1.0,1.021774675778047,09:52:37.167090
997,500000,buy,2020-08-13,80.0,19.0,,,,,,1.0,1.0223920229728276,09:52:37.903109
998,1000000,buy,2020-08-13,77.0,22.0,,,,,,1.0,1.0234068549616977,09:52:38.506356
999,1500000,buy,2020-08-13,75.0,23.0,,,,,,2.0,1.02446642175747,09:52:39.349674
1000,10000,sell,2020-08-13,,68.0,,,,9.0,23.0,,1.0215020934572954,09:52:40.119285
1001,25000,sell,2020-08-13,,85.0,,,,4.0,11.0,,1.0211446801451969,09:52:41.700225
1002,50000,sell,2020-08-13,5.0,87.0,,,,2.0,6.0,,1.0208888948159898,09:52:42.440460
1003,100000,sell,2020-08-13,39.0,57.0,,,,1.0,3.0,,1.0206442484489426,09:52:43.206634
1004,200000,sell,2020-08-13,55.0,41.0,,,,1.0,2.0,1.0,1.0203752094968643,09:52:44.397448
1005,500000,sell,2020-08-13,63.0,32.0,,,,,1.0,4.0,1.0198228586993523,09:52:45.728416
1006,1000000,sell,2020-08-13,66.0,29.0,,,,,1.0,4.0,1.0190178865943793,09:52:47.296014
1007,1500000,sell,2020-08-13,68.0,28.0,,,,,1.0,3.0,1.0182664062904079,09:52:48.661061
1008,10000,buy,2020-08-13,80.0,,,,,,,20.0,1.0210509052109211,09:53:49.443591
1009,25000,buy,2020-08-13,92.0,,,,,,,8.0,1.0212486944781263,09:53:50.145367
1010,50000,buy,2020-08-13,96.0,,,,,,,4.0,1.021363839828149,09:53:51.036081
1011,100000,buy,2020-08-13,98.0,,,,,,,2.0,1.0215144230852282,09:53:52.723540
1012,200000,buy,2020-08-13,89.0,10.0,,,,,,1.0,1.0217595671788613,09:53:53.643245
1013,500000,buy,2020-08-13,80.0,19.0,,,,,,1.0,1.0223766179012697,09:53:55.225738
1014,1000000,buy,2020-08-13,77.0,22.0,,,,,,1.0,1.0233908015316793,09:53:56.475339
1015,1500000,buy,2020-08-13,75.0,23.0,,,,,,2.0,1.0244498462345482,09:53:57.822906
1016,10000,sell,2020-08-13,,51.0,,,,9.0,40.0,,1.0217991822369097,09:53:58.645643
1017,25000,sell,2020-08-13,,79.0,,,,4.0,17.0,,1.0212695884862064,09:54:00.187150
1018,50000,sell,2020-08-13,2.0,86.0,,,,2.0,10.0,,1.0209554786572774,09:54:01.081863
1019,100000,sell,2020-08-13,38.0,56.0,,,,1.0,5.0,,1.0206738503128858,09:54:02.453423
1020,200000,sell,2020-08-13,54.0,41.0,,,,1.0,3.0,1.0,1.0203856633341302,09:54:03.854640
1021,500000,sell,2020-08-13,64.0,32.0,,,,,2.0,2.0,1.019815861615223,09:54:05.134398
1022,1000000,sell,2020-08-13,68.0,30.0,,,,,1.0,1.0,1.0189846763988675,09:54:06.402347
1023,1500000,sell,2020-08-13,69.0,29.0,,,,,1.0,1.0,1.018210753503206,09:54:07.196107
1024,10000,buy,2020-08-13,80.0,,,,,,,20.0,1.0210509052109211,09:55:08.772854
1025,25000,buy,2020-08-13,92.0,,,,,,,8.0,1.0212486944781263,09:55:09.458418
1026,50000,buy,2020-08-13,96.0,,,,,,,4.0,1.021363839828149,09:55:11.003984
1027,100000,buy,2020-08-13,97.0,1.0,,,,,,2.0,1.0215143800290907,09:55:12.288543
1028,200000,buy,2020-08-13,86.0,13.0,,,,,,1.0,1.0217435265585615,09:55:13.164449
1029,500000,buy,2020-08-13,78.0,21.0,,,,,,1.0,1.0223509007478655,09:55:14.302399
1030,1000000,buy,2020-08-13,76.0,23.0,,,,,,1.0,1.0233605475992391,09:55:15.143271
1031,1500000,buy,2020-08-13,75.0,23.0,,,,,,2.0,1.0244197751375697,09:55:15.916567
1032,10000,sell,2020-08-13,,43.0,,,,9.0,48.0,,1.0218923664578397,09:55:18.034041
1033,25000,sell,2020-08-13,,75.0,,,,4.0,21.0,,1.0212331362627383,09:55:19.454538
1034,50000,sell,2020-08-13,15.0,72.0,,,,2.0,11.0,,1.0208864698578004,09:55:20.735633
1035,100000,sell,2020-08-13,44.0,49.0,,,,1.0,6.0,,1.020623159610844,09:55:21.509870
1036,200000,sell,2020-08-13,57.0,37.0,,,,1.0,3.0,2.0,1.0203463833808106,09:55:23.072936
1037,500000,sell,2020-08-13,64.0,30.0,,,,,2.0,4.0,1.019789932003122,09:55:23.836923
1038,1000000,sell,2020-08-13,67.0,28.0,,,,,1.0,4.0,1.018992782933276,09:55:24.862953
1039,1500000,sell,2020-08-13,68.0,28.0,,,,,1.0,3.0,1.0182230524920826,09:55:25.575393
1040,10000,buy,2020-08-13,80.0,,,,,,,20.0,1.0213190198911672,09:56:26.837439
1041,25000,buy,2020-08-13,92.0,,,,,,,8.0,1.0215575004503417,09:56:28.666865
1042,50000,buy,2020-08-13,85.0,11.0,,,,,,4.0,1.0216812764665366,09:56:29.594114
1043,100000,buy,2020-08-13,80.0,18.0,,,,,,2.0,1.0218128254381198,09:56:31.111066
1044,200000,buy,2020-08-13,77.0,22.0,,,,,,1.0,1.0220191149361437,09:56:31.895619
1045,500000,buy,2020-08-13,75.0,24.0,,,,,,1.0,1.022612376886433,09:56:32.977651
1046,1000000,buy,2020-08-13,74.0,25.0,,,,,,1.0,1.02362476003063,09:56:34.304785
1047,1500000,buy,2020-08-13,74.0,24.0,,,,,,2.0,1.024690626967984,09:56:35.254599
1048,10000,sell,2020-08-13,,,50.0,,,,50.0,,1.0235167150955948,09:56:36.527024
1049,25000,sell,2020-08-13,18.0,44.0,,,,4.0,34.0,,1.0217941540680675,09:56:37.267018
1050,50000,sell,2020-08-13,46.0,35.0,,,,2.0,17.0,,1.02127405285217,09:56:37.977466
1051,100000,sell,2020-08-13,59.0,31.0,,,,1.0,9.0,,1.0209453124706418,09:56:39.225862
1052,200000,sell,2020-08-13,66.0,28.0,,,,1.0,5.0,,1.0206289151118884,09:56:40.047879
1053,500000,sell,2020-08-13,69.0,26.0,,,,,2.0,3.0,1.0200413661386194,09:56:41.050368
1054,1000000,sell,2020-08-13,70.0,26.0,,,,,1.0,3.0,1.0192174289377065,09:56:41.802638
1055,1500000,sell,2020-08-13,70.0,27.0,,,,,1.0,2.0,1.018448824053996,09:56:43.190045
1056,10000,buy,2020-08-13,80.0,,,,,,,20.0,1.021372007670638,09:57:44.591482
1057,25000,buy,2020-08-13,82.0,10.0,,,,,,8.0,1.0216161061687834,09:57:46.262951
1058,50000,buy,2020-08-13,78.0,18.0,,,,,,4.0,1.0217349304964838,09:57:47.554078
1059,100000,buy,2020-08-13,76.0,22.0,,,,,,2.0,1.0218638326943192,09:57:48.265121
1060,200000,buy,2020-08-13,75.0,24.0,,,,,,1.0,1.022069004483881,09:57:49.500316
1061,500000,buy,2020-08-13,74.0,25.0,,,,,,1.0,1.0226619232384782,09:57:50.766909
1062,1000000,buy,2020-08-13,73.0,25.0,,,,,,2.0,1.0236749240153715,09:57:51.534085
1063,1500000,buy,2020-08-13,73.0,25.0,,,,,,2.0,1.024736536287367,09:57:52.407006
1064,10000,sell,2020-08-13,,34.0,,,,9.0,57.0,,1.0221573213725297,09:57:53.787924
1065,25000,sell,2020-08-13,40.0,33.0,,,,4.0,23.0,,1.0213826818888845,09:57:55.625208
1066,50000,sell,2020-08-13,57.0,29.0,,,,2.0,12.0,,1.0210873129878975,09:57:56.369845
1067,100000,sell,2020-08-13,65.0,28.0,,,,1.0,6.0,,1.0208706216971117,09:57:58.311076
1068,200000,sell,2020-08-13,69.0,27.0,,,,1.0,3.0,,1.0206094036430744,09:57:59.700831
1069,500000,sell,2020-08-13,69.0,26.0,,,,,2.0,3.0,1.0200549509061805,09:58:00.614735
1070,1000000,sell,2020-08-13,69.0,26.0,,,,,1.0,4.0,1.0192541660965788,09:58:01.458610
1071,1500000,sell,2020-08-13,70.0,26.0,,,,,1.0,3.0,1.0184823791882502,09:58:02.236936
1072,10000,buy,2020-08-13,90.0,,,,,,,10.0,1.0216093324049305,09:59:03.628832
1073,25000,buy,2020-08-13,85.0,11.0,,,,,,4.0,1.021713522679187,09:59:04.462566
1074,50000,buy,2020-08-13,79.0,19.0,,,,,,2.0,1.0217855019555944,09:59:05.305656
1075,100000,buy,2020-08-13,77.0,22.0,,,,,,1.0,1.0218909854911007,09:59:06.266265
1076,200000,buy,2020-08-13,76.0,24.0,,,,,,,1.0220941434123552,09:59:07.051312
1077,500000,buy,2020-08-13,75.0,25.0,,,,,,,1.0226720989591938,09:59:08.297309
1078,1000000,buy,2020-08-13,73.0,25.0,,,,,,2.0,1.0236836934596116,09:59:09.148459
1079,1500000,buy,2020-08-13,73.0,25.0,,,,,,2.0,1.024742566716578,09:59:10.204964
1080,10000,sell,2020-08-13,,,43.0,,,,57.0,,1.0244054008891246,09:59:10.938655
1081,25000,sell,2020-08-13,28.0,28.0,,,,3.0,41.0,,1.0221763253594336,09:59:11.819533
1082,50000,sell,2020-08-13,50.0,27.0,,,,2.0,21.0,,1.0214905303261368,09:59:12.532866
1083,100000,sell,2020-08-13,62.0,26.0,,,,1.0,11.0,,1.0210803845808074,09:59:13.947051
1084,200000,sell,2020-08-13,68.0,26.0,,,,,6.0,,1.020724219387304,09:59:14.756018
1085,500000,sell,2020-08-13,69.0,25.0,,,,,3.0,3.0,1.0201097451801082,09:59:15.413807
1086,1000000,sell,2020-08-13,69.0,25.0,,,,,2.0,4.0,1.0192826527118164,09:59:16.314743
1087,1500000,sell,2020-08-13,71.0,26.0,,,,,1.0,2.0,1.0185035413113468,09:59:17.082609
1088,10000,buy,2020-08-13,80.0,,,,,,,20.0,1.021372007670638,10:00:17.977144
1089,25000,buy,2020-08-13,82.0,10.0,,,,,,8.0,1.0216161058352244,10:00:18.874321
1090,50000,buy,2020-08-13,78.0,18.0,,,,,,4.0,1.021734929893764,10:00:19.762354
1091,100000,buy,2020-08-13,76.0,22.0,,,,,,2.0,1.0218638319521132,10:00:21.072526
1092,200000,buy,2020-08-13,75.0,24.0,,,,,,1.0,1.022069003661966,10:00:21.879558
1093,500000,buy,2020-08-13,74.0,25.0,,,,,,1.0,1.0226619223427804,10:00:22.593161
1094,1000000,buy,2020-08-13,73.0,25.0,,,,,,2.0,1.0236679249045142,10:00:24.001881
1095,1500000,buy,2020-08-13,73.0,25.0,,,,,,2.0,1.024731213151025,10:00:25.326876
1096,10000,sell,2020-08-13,,,50.0,,,,50.0,,1.025841052606061,10:00:26.586628
1097,25000,sell,2020-08-13,22.0,26.0,,,,3.0,49.0,,1.0227315626947542,10:00:28.201973
1098,50000,sell,2020-08-13,47.0,26.0,,,,2.0,25.0,,1.0217709084839293,10:00:29.501735
1099,100000,sell,2020-08-13,60.0,26.0,,,,1.0,13.0,,1.0212246855144962,10:00:30.744929
1100,200000,sell,2020-08-13,67.0,26.0,,,,,7.0,,1.0208017949709325,10:00:32.170010
1101,500000,sell,2020-08-13,69.0,25.0,,,,,3.0,3.0,1.0201470876017908,10:00:33.671958
1102,1000000,sell,2020-08-13,69.0,25.0,,,,,2.0,4.0,1.0193089221732288,10:00:36.668121
1103,1500000,sell,2020-08-13,70.0,26.0,,,,,1.0,3.0,1.0185205912287656,10:00:37.974631
1104,10000,buy,2020-08-13,76.0,4.0,,,,,,20.0,1.0213681732446445,10:01:39.331853
1105,25000,buy,2020-08-13,75.0,17.0,,,,,,8.0,1.021607137214396,10:01:40.668149
1106,50000,buy,2020-08-13,74.0,22.0,,,,,,4.0,1.0217236058880275,10:01:41.467560
1107,100000,buy,2020-08-13,74.0,24.0,,,,,,2.0,1.0218512693093402,10:01:42.844569
1108,200000,buy,2020-08-13,74.0,25.0,,,,,,1.0,1.0220557062580964,10:01:44.096982
1109,500000,buy,2020-08-13,74.0,25.0,,,,,,1.0,1.022647896105447,10:01:45.396282
1110,1000000,buy,2020-08-13,73.0,25.0,,,,,,2.0,1.0236530297441726,10:01:46.267042
1111,1500000,buy,2020-08-13,73.0,25.0,,,,,,2.0,1.0247152902369405,10:01:46.976225
1112,10000,sell,2020-08-13,,,50.0,,,,50.0,,1.0257429213491533,10:01:47.656066
1113,25000,sell,2020-08-13,29.0,19.0,,,,3.0,49.0,,1.022673631257691,10:01:48.675615
1114,50000,sell,2020-08-13,51.0,22.0,,,,2.0,25.0,,1.0217348418441128,10:01:50.087555
1115,100000,sell,2020-08-13,62.0,24.0,,,,1.0,13.0,,1.0211995458292797,10:01:51.552661
1116,200000,sell,2020-08-13,68.0,25.0,,,,,7.0,,1.0207821579879426,10:01:52.305712
1117,500000,sell,2020-08-13,69.0,25.0,,,,,3.0,3.0,1.020131950105668,10:01:53.612738
1118,1000000,sell,2020-08-13,69.0,25.0,,,,,2.0,4.0,1.0192954427328496,10:01:54.519020
1119,1500000,sell,2020-08-13,70.0,26.0,,,,,1.0,3.0,1.0185083906540946,10:01:55.358575
1120,10000,buy,2020-08-13,83.0,7.0,,,,,,10.0,1.021488353092997,10:02:56.098626
1121,25000,buy,2020-08-13,78.0,18.0,,,,,,4.0,1.0216573617820124,10:02:56.893069
1122,50000,buy,2020-08-13,76.0,22.0,,,,,,2.0,1.0217505029905793,10:02:58.223889
1123,100000,buy,2020-08-13,75.0,24.0,,,,,,1.0,1.0218665183114823,10:02:59.486152
1124,200000,buy,2020-08-13,74.0,25.0,,,,,,1.0,1.0220694023285701,10:03:00.256308
1125,500000,buy,2020-08-13,74.0,25.0,,,,,,1.0,1.0226566421585963,10:03:01.102184
1126,1000000,buy,2020-08-13,73.0,25.0,,,,,,2.0,1.0236580913496296,10:03:02.060208
1127,1500000,buy,2020-08-13,73.0,25.0,,,,,,2.0,1.0247186247783568,10:03:02.982472
1128,10000,sell,2020-08-13,14.0,26.0,,,,8.0,52.0,,1.0218771439120993,10:03:04.296250
1129,25000,sell,2020-08-13,50.0,26.0,,,,3.0,21.0,,1.0212603889068288,10:03:05.967350
1130,50000,sell,2020-08-13,61.0,26.0,,,,2.0,11.0,,1.021015466202725,10:03:07.358056
1131,100000,sell,2020-08-13,67.0,26.0,,,,1.0,6.0,,1.0208270708704608,10:03:08.249063
1132,200000,sell,2020-08-13,71.0,26.0,,,,,3.0,,1.020583534811245,10:03:09.709660
1133,500000,sell,2020-08-13,70.0,25.0,,,,,2.0,3.0,1.0200363877775405,10:03:10.599118
1134,1000000,sell,2020-08-13,70.0,25.0,,,,,1.0,4.0,1.0192393453958342,10:03:11.308891
1135,1500000,sell,2020-08-13,71.0,26.0,,,,,1.0,2.0,1.0184633839673878,10:03:12.095640
1136,10000,buy,2020-08-13,80.0,,,,,,,20.0,1.0212473246115483,10:04:13.573589
1137,25000,buy,2020-08-13,92.0,,,,,,,8.0,1.0214747125199806,10:04:14.908156
1138,50000,buy,2020-08-13,90.0,6.0,,,,,,4.0,1.0215982696510255,10:04:16.243315
1139,100000,buy,2020-08-13,82.0,16.0,,,,,,2.0,1.0217314406758948,10:04:17.231443
1140,200000,buy,2020-08-13,78.0,21.0,,,,,,1.0,1.02193748255958,10:04:18.476364
1141,500000,buy,2020-08-13,75.0,24.0,,,,,,1.0,1.0225275986350737,10:04:19.385356
1142,1000000,buy,2020-08-13,74.0,24.0,,,,,,2.0,1.023531814426797,10:04:20.774832
1143,1500000,buy,2020-08-13,75.0,24.0,,,,,,1.0,1.0246061260886046,10:04:21.556582
1144,10000,sell,2020-08-13,,85.0,,,,8.0,7.0,,1.0212740052110243,10:04:22.984673
1145,25000,sell,2020-08-13,32.0,62.0,,,,3.0,3.0,,1.020944798189072,10:04:24.253326
1146,50000,sell,2020-08-13,53.0,44.0,,,,2.0,1.0,,1.0207914270369849,10:04:25.748912
1147,100000,sell,2020-08-13,63.0,35.0,,,,1.0,1.0,,1.0206486276845586,10:04:27.180372
1148,200000,sell,2020-08-13,69.0,31.0,,,,,,,1.020419803638813,10:04:28.464098
1149,500000,sell,2020-08-13,72.0,28.0,,,,,,,1.0198892766945504,10:04:29.204084
1150,1000000,sell,2020-08-13,72.0,27.0,,,,,,1.0,1.019058660551527,10:04:30.183835
1151,1500000,sell,2020-08-13,72.0,27.0,,,,,,1.0,1.01828470457793,10:04:31.061872
1152,10000,buy,2020-08-13,79.0,,,,,,1.0,20.0,1.021246336171921,10:05:32.465492
1153,25000,buy,2020-08-13,92.0,,,,,,,8.0,1.0214747125199806,10:05:33.256911
1154,50000,buy,2020-08-13,90.0,6.0,,,,,,4.0,1.0215982695531511,10:05:34.170953
1155,100000,buy,2020-08-13,82.0,16.0,,,,,,2.0,1.0217314404129336,10:05:35.567389
1156,200000,buy,2020-08-13,78.0,21.0,,,,,,1.0,1.0219374822092413,10:05:36.588795
1157,500000,buy,2020-08-13,75.0,24.0,,,,,,1.0,1.0225257585955068,10:05:37.944591
1158,1000000,buy,2020-08-13,73.0,24.0,,,,,,3.0,1.0235215591189375,10:05:39.178926
1159,1500000,buy,2020-08-13,74.0,24.0,,,,,,2.0,1.024575308057124,10:05:39.899430
1160,10000,sell,2020-08-13,,91.0,,,,9.0,,,1.021105475999659,10:05:41.194859
1161,25000,sell,2020-08-13,34.0,63.0,,,,3.0,,,1.0208745329299813,10:05:42.495334
1162,50000,sell,2020-08-13,54.0,44.0,,,,2.0,,,1.0207600065692708,10:05:43.687354
1163,100000,sell,2020-08-13,64.0,35.0,,,,1.0,,,1.020634362983773,10:05:44.495332
1164,200000,sell,2020-08-13,69.0,31.0,,,,,,,1.0204198031584908,10:05:45.186406
1165,500000,sell,2020-08-13,71.0,28.0,,,,,,1.0,1.0198920443061574,10:05:46.144619
1166,1000000,sell,2020-08-13,70.0,26.0,,,,,,4.0,1.0190816310600561,10:05:46.999455
1167,1500000,sell,2020-08-13,70.0,27.0,,,,,,3.0,1.0183250113699573,10:05:48.377274
1168,10000,buy,2020-08-13,79.0,,,,,,1.0,20.0,1.021246336171921,10:06:49.068143
1169,25000,buy,2020-08-13,92.0,,,,,,,8.0,1.0214747125199806,10:06:49.863353
1170,50000,buy,2020-08-13,91.0,5.0,,,,,,4.0,1.0215917563062404,10:06:51.124658
1171,100000,buy,2020-08-13,83.0,15.0,,,,,,2.0,1.0217255123380717,10:06:51.905583
1172,200000,buy,2020-08-13,78.0,21.0,,,,,,1.0,1.0219317876862783,10:06:52.749183
1173,500000,buy,2020-08-13,75.0,24.0,,,,,,1.0,1.0225200949380409,10:06:54.107247
1174,1000000,buy,2020-08-13,73.0,24.0,,,,,,3.0,1.023515725894833,10:06:55.473476
1175,1500000,buy,2020-08-13,74.0,24.0,,,,,,2.0,1.0245690108102008,10:06:56.826447
1176,10000,sell,2020-08-13,,91.0,,,,9.0,,,1.0211054742162151,10:06:57.605903
1177,25000,sell,2020-08-13,32.0,65.0,,,,3.0,,,1.0208721608412117,10:06:58.372902
1178,50000,sell,2020-08-13,53.0,45.0,,,,2.0,,,1.020756237255617,10:06:59.436744
1179,100000,sell,2020-08-13,63.0,36.0,,,,1.0,,,1.0206298734498696,10:07:00.796399
1180,200000,sell,2020-08-13,69.0,31.0,,,,,,,1.020414989790274,10:07:01.520732
1181,500000,sell,2020-08-13,71.0,28.0,,,,,,1.0,1.0198920437969734,10:07:02.918818
1182,1000000,sell,2020-08-13,70.0,26.0,,,,,,4.0,1.0190816306076447,10:07:04.192411
1183,1500000,sell,2020-08-13,70.0,27.0,,,,,,3.0,1.0183250109344293,10:07:05.302054
1184,10000,buy,2020-08-13,80.0,,,,,,,20.0,1.0212416170678071,10:08:06.822962
1185,25000,buy,2020-08-13,92.0,,,,,,,8.0,1.021468131633741,10:08:08.281845
1186,50000,buy,2020-08-13,96.0,,,,,,,4.0,1.0215929184674086,10:08:09.560790
1187,100000,buy,2020-08-13,96.0,2.0,,,,,,2.0,1.0217479746461309,10:08:10.871369
1188,200000,buy,2020-08-13,85.0,14.0,,,,,,1.0,1.0219765893039339,10:08:11.855055
1189,500000,buy,2020-08-13,78.0,21.0,,,,,,1.0,1.0225796176200517,10:08:13.220616
1190,1000000,buy,2020-08-13,75.0,22.0,,,,,,3.0,1.023582165814776,10:08:14.522200
1191,1500000,buy,2020-08-13,75.0,23.0,,,,,,2.0,1.024641868583448,10:08:15.424910
1192,10000,sell,2020-08-13,,92.0,,,,8.0,,,1.021337599921514,10:08:16.248647
1193,25000,sell,2020-08-13,,97.0,,,,3.0,,,1.0210902600514766,10:08:17.613212
1194,50000,sell,2020-08-13,27.0,71.0,,,,2.0,,,1.0209016954222565,10:08:18.424950
1195,100000,sell,2020-08-13,50.0,49.0,,,,1.0,,,1.0207345522819324,10:08:19.263681
1196,200000,sell,2020-08-13,62.0,38.0,,,,,,,1.0204990077432288,10:08:20.626246
1197,500000,sell,2020-08-13,68.0,31.0,,,,,,1.0,1.0199562960401773,10:08:21.316022
1198,1000000,sell,2020-08-13,69.0,28.0,,,,,,3.0,1.0191379543415866,10:08:22.591616
1199,1500000,sell,2020-08-13,70.0,28.0,,,,,,2.0,1.0183775606367225,10:08:23.120447
1200,10000,buy,2020-08-13,80.0,,,,,,,20.0,1.0212025928312793,10:09:24.496302
1201,25000,buy,2020-08-13,92.0,,,,,,,8.0,1.0214231454206977,10:09:25.246348
1202,50000,buy,2020-08-13,96.0,,,,,,,4.0,1.0215458098780321,10:09:26.107367
1203,100000,buy,2020-08-13,98.0,,,,,,,2.0,1.0217000130570812,10:09:27.490353
1204,200000,buy,2020-08-13,86.0,13.0,,,,,,1.0,1.021933864488501,10:09:28.341534
1205,500000,buy,2020-08-13,54.0,41.0,,,,,,5.0,1.0228542629234691,10:09:29.634668
1206,1000000,buy,2020-08-13,74.0,23.0,,,,,,3.0,1.0236368147741608,10:09:31.101580
1207,1500000,buy,2020-08-13,74.0,24.0,,,,,,2.0,1.0247012893601868,10:09:32.425759
1208,10000,sell,2020-08-13,,71.0,,,,8.0,21.0,,1.021462765373386,10:09:33.183520
1209,25000,sell,2020-08-13,,87.0,,,,3.0,10.0,,1.021159705762889,10:09:34.466728
1210,50000,sell,2020-08-13,30.0,63.0,,,,2.0,5.0,,1.0209621925099146,10:09:35.433388
1211,100000,sell,2020-08-13,52.0,44.0,,,,1.0,3.0,,1.0207936005950868,10:09:36.817890
1212,200000,sell,2020-08-13,63.0,35.0,,,,,2.0,,1.0205576381314996,10:09:38.068478
1213,500000,sell,2020-08-13,68.0,30.0,,,,,1.0,1.0,1.020014704538126,10:09:38.946383
1214,1000000,sell,2020-08-13,69.0,27.0,,,,,1.0,3.0,1.0191947452803038,10:09:40.267509
1215,1500000,sell,2020-08-13,70.0,27.0,,,,,1.0,2.0,1.0184328061952588,10:09:41.565620
1216,10000,buy,2020-08-13,80.0,,,,,,,20.0,1.0213097195996474,10:10:42.542467
1217,25000,buy,2020-08-13,92.0,,,,,,,8.0,1.0215466576936072,10:10:43.357937
1218,50000,buy,2020-08-13,96.0,,,,,,,4.0,1.0216746719946492,10:10:44.801955
1219,100000,buy,2020-08-13,91.0,7.0,,,,,,2.0,1.021828220600385,10:10:46.106824
1220,200000,buy,2020-08-13,83.0,16.0,,,,,,1.0,1.0220493410484153,10:10:47.360161
1221,500000,buy,2020-08-13,77.0,22.0,,,,,,1.0,1.0226494030353086,10:10:48.064265
1222,1000000,buy,2020-08-13,74.0,23.0,,,,,,3.0,1.0236525901506779,10:10:48.845670
1223,1500000,buy,2020-08-13,74.0,24.0,,,,,,2.0,1.0247176012358357,10:10:49.598557
1224,10000,sell,2020-08-13,,51.0,,,,8.0,41.0,,1.0218370760167448,10:10:50.365776
1225,25000,sell,2020-08-13,,79.0,,,,3.0,18.0,,1.0213272851336008,10:10:51.175190
1226,50000,sell,2020-08-13,29.0,60.0,,,,2.0,9.0,,1.021057570563109,10:10:52.541582
1227,100000,sell,2020-08-13,51.0,43.0,,,,1.0,5.0,,1.0208525193793725,10:10:53.861617
1228,200000,sell,2020-08-13,62.0,35.0,,,,,3.0,,1.0205982505006341,10:10:55.094344
1229,500000,sell,2020-08-13,69.0,29.0,,,,,1.0,1.0,1.0200401195025204,10:10:56.507087
1230,1000000,sell,2020-08-13,69.0,27.0,,,,,1.0,3.0,1.0192198902373617,10:10:57.310742
1231,1500000,sell,2020-08-13,70.0,27.0,,,,,1.0,2.0,1.018457758687861,10:10:58.079339
1232,10000,buy,2020-08-13,80.0,,,,,,,20.0,1.0213092976802896,10:11:59.741587
1233,25000,buy,2020-08-13,92.0,,,,,,,8.0,1.021546171471442,10:12:00.526334
1234,50000,buy,2020-08-13,96.0,,,,,,,4.0,1.0216746719946492,10:12:02.051846
1235,100000,buy,2020-08-13,91.0,7.0,,,,,,2.0,1.0218282205650353,10:12:02.948559
1236,200000,buy,2020-08-13,83.0,16.0,,,,,,1.0,1.0220493409664408,10:12:04.443080
1237,500000,buy,2020-08-13,77.0,22.0,,,,,,1.0,1.0226494029173283,10:12:05.189841
1238,1000000,buy,2020-08-13,74.0,23.0,,,,,,3.0,1.0236525900180264,10:12:06.816319
1239,1500000,buy,2020-08-13,74.0,24.0,,,,,,2.0,1.0247176010855559,10:12:08.293846
1240,10000,sell,2020-08-13,,44.0,,,,8.0,48.0,,1.0220161841577704,10:12:09.007617
1241,25000,sell,2020-08-13,,76.0,,,,3.0,21.0,,1.0214047533428734,10:12:10.343190
1242,50000,sell,2020-08-13,28.0,59.0,,,,2.0,11.0,,1.0210986799212378,10:12:11.834711
1243,100000,sell,2020-08-13,50.0,43.0,,,,1.0,6.0,,1.0208740145935946,10:12:12.711680
1244,200000,sell,2020-08-13,62.0,35.0,,,,,3.0,,1.0206103148918884,10:12:13.473848
1245,500000,sell,2020-08-13,68.0,29.0,,,,,2.0,1.0,1.0200479083911214,10:12:14.889353
1246,1000000,sell,2020-08-13,69.0,27.0,,,,,1.0,3.0,1.0192239063062414,10:12:16.171155
1247,1500000,sell,2020-08-13,70.0,28.0,,,,,,2.0,1.0184282347966043,10:12:17.522395
1248,10000,buy,2020-08-13,55.0,,,,,,25.0,20.0,1.0211322991334597,10:13:18.501869
1249,25000,buy,2020-08-13,82.0,,,,,,10.0,8.0,1.0214679449431792,10:13:19.822446
1250,50000,buy,2020-08-13,90.0,,,,,,6.0,4.0,1.0216288610266078,10:13:21.071046
1251,100000,buy,2020-08-13,89.0,6.0,,,,,3.0,2.0,1.0217986936226309,10:13:22.465599
1252,200000,buy,2020-08-13,81.0,16.0,,,,,2.0,1.0,1.0220276837702742,10:13:23.805170
1253,500000,buy,2020-08-13,76.0,22.0,,,,,1.0,1.0,1.022629811495355,10:13:24.419973
1254,1000000,buy,2020-08-13,73.0,23.0,,,,,1.0,3.0,1.0236290646565123,10:13:25.025779
1255,1500000,buy,2020-08-13,74.0,23.0,,,,,1.0,2.0,1.0246838418104813,10:13:25.914495
1256,10000,sell,2020-08-13,,100.0,,,,,,,1.0210947102839663,10:13:27.201083
1257,25000,sell,2020-08-13,1.0,99.0,,,,,,,1.0209863974052316,10:13:28.325722
1258,50000,sell,2020-08-13,37.0,63.0,,,,,,,1.0208748359666149,10:13:29.252425
1259,100000,sell,2020-08-13,56.0,44.0,,,,,,,1.0207499579633144,10:13:30.034174
1260,200000,sell,2020-08-13,65.0,35.0,,,,,,,1.020551095596592,10:13:31.486709
1261,500000,sell,2020-08-13,70.0,30.0,,,,,,,1.020009230969717,10:13:32.751304
1262,1000000,sell,2020-08-13,72.0,28.0,,,,,,,1.0191677293127022,10:13:33.466076
1263,1500000,sell,2020-08-13,72.0,28.0,,,,,,,1.0183840495038021,10:13:34.164851
1264,10000,buy,2020-08-13,90.0,,,,,,,10.0,1.0215544238264984,10:14:35.575192
1265,25000,buy,2020-08-13,96.0,,,,,,,4.0,1.021657711057796,10:14:36.812794
1266,50000,buy,2020-08-13,98.0,,,,,,,2.0,1.0217417323962672,10:14:38.146676
1267,100000,buy,2020-08-13,88.0,11.0,,,,,,1.0,1.0218656190674986,10:14:38.977483
