,amount,buy_or_sell,date,liquidity_curve_susd,liquidity_curvefi,liquidity_kyber,liquidity_oasis,liquidity_uniswap,liquidity_uniswap_v2,liquidity_zero_x,price,time
0,10000,buy,2020-08-10,87.0,,,,,13.0,,1.0179894881094091,16:21:06.403202
1,25000,buy,2020-08-10,94.0,,,,,6.0,,1.01806918353986,16:21:07.815349
2,50000,buy,2020-08-10,96.0,,,,,4.0,,1.0181700359559693,16:21:08.588644
3,100000,buy,2020-08-10,98.0,,,,,2.0,,1.0183615916316056,16:21:09.832417
4,200000,buy,2020-08-10,82.0,12.0,,,,2.0,4.0,1.0187083837914066,16:21:11.096740
5,500000,buy,2020-08-10,65.0,32.0,,,,1.0,2.0,1.0194452533092735,16:21:12.043891
6,1000000,buy,2020-08-10,60.0,38.0,,,,1.0,1.0,1.0206637419182958,16:21:12.889808
7,1500000,buy,2020-08-10,59.0,39.0,,,,1.0,1.0,1.0219907427760277,16:21:14.559671
8,10000,sell,2020-08-10,,100.0,,,,,,1.0181657640410269,16:21:15.508678
9,25000,sell,2020-08-10,,100.0,,,,,,1.0180934868538516,16:21:16.948995
10,50000,sell,2020-08-10,,100.0,,,,,,1.0179742572614021,16:21:17.597778
11,100000,sell,2020-08-10,,100.0,,,,,,1.0177403144166621,16:21:18.924407
12,200000,sell,2020-08-10,24.0,76.0,,,,,,1.0173845752648056,16:21:20.064911
13,500000,sell,2020-08-10,41.0,58.0,,,,,1.0,1.0167064982156655,16:21:21.234926
14,1000000,sell,2020-08-10,45.0,51.0,,,,,4.0,1.0158010325039357,16:21:21.974478
15,1500000,sell,2020-08-10,46.0,49.0,,2.0,,,3.0,1.0149921668269015,16:21:22.901202
16,10000,buy,2020-08-10,99.0,,,,,1.0,,1.0180900044349828,16:22:53.450734
17,25000,buy,2020-08-10,100.0,,,,,,,1.018150594574437,16:22:54.695419
18,50000,buy,2020-08-10,100.0,,,,,,,1.0182445528364723,16:22:55.573532
19,100000,buy,2020-08-10,100.0,,,,,,,1.0184347253659156,16:22:56.963497
20,200000,buy,2020-08-10,81.0,15.0,,,,,4.0,1.0187707943457094,16:22:58.452627
21,500000,buy,2020-08-10,65.0,33.0,,,,,2.0,1.0195023252016922,16:22:59.564410
22,1000000,buy,2020-08-10,59.0,38.0,,,,1.0,2.0,1.0207113831809804,16:23:00.863239
23,1500000,buy,2020-08-10,58.0,40.0,,,,1.0,1.0,1.0220501757187257,16:23:01.717676
24,10000,sell,2020-08-10,,100.0,,,,,,1.018165760658151,16:23:02.942426
25,25000,sell,2020-08-10,,100.0,,,,,,1.018093483493812,16:23:05.299732
26,50000,sell,2020-08-10,,100.0,,,,,,1.017974253938869,16:23:06.042684
27,100000,sell,2020-08-10,,100.0,,,,,,1.017740311167121,16:23:07.554106
28,200000,sell,2020-08-10,26.0,74.0,,,,,,1.0173982754606976,16:23:08.357094
29,500000,sell,2020-08-10,42.0,57.0,,,,,1.0,1.0167285992899309,16:23:09.175172
30,1000000,sell,2020-08-10,46.0,50.0,,,,,4.0,1.0158239975528238,16:23:10.514787
31,1500000,sell,2020-08-10,47.0,48.0,,2.0,,,3.0,1.0150144961551,16:23:11.861356
32,10000,buy,2020-08-10,99.0,,,,,1.0,,1.0181062329571222,16:24:38.736833
33,25000,buy,2020-08-10,100.0,,,,,,,1.018167018928966,16:24:39.532972
34,50000,buy,2020-08-10,100.0,,,,,,,1.01826103020653,16:24:40.835179
35,100000,buy,2020-08-10,100.0,,,,,,,1.0184513103429487,16:24:42.077311
36,200000,buy,2020-08-10,81.0,15.0,,,,,4.0,1.0187843406944699,16:24:42.760850
37,500000,buy,2020-08-10,65.0,33.0,,,,,2.0,1.019513440396631,16:24:43.369072
38,1000000,buy,2020-08-10,60.0,38.0,,,,,2.0,1.0207185280311628,16:24:44.661390
39,1500000,buy,2020-08-10,58.0,40.0,,,,1.0,1.0,1.0220699858192028,16:24:45.324811
40,10000,sell,2020-08-10,,100.0,,,,,,1.0181657569525473,16:24:46.589926
41,25000,sell,2020-08-10,,100.0,,,,,,1.0180934798132133,16:24:47.961802
42,50000,sell,2020-08-10,,100.0,,,,,,1.0179742502993376,16:24:49.119620
43,100000,sell,2020-08-10,,100.0,,,,,,1.0177403076075133,16:24:50.378739
44,200000,sell,2020-08-10,27.0,73.0,,,,,,1.0174025128213844,16:24:51.324444
45,500000,sell,2020-08-10,42.0,57.0,,,,,1.0,1.016735283572139,16:24:52.286079
46,1000000,sell,2020-08-10,46.0,50.0,,,,,4.0,1.0158311003409057,16:24:53.139806
47,1500000,sell,2020-08-10,47.0,48.0,,2.0,,,3.0,1.0150215559771822,16:24:54.343524
48,10000,buy,2020-08-10,99.0,,,,,1.0,,1.018115018617306,16:26:20.918494
49,25000,buy,2020-08-10,100.0,,,,,,,1.0181759289422045,16:26:22.148891
50,50000,buy,2020-08-10,100.0,,,,,,,1.0182699995976303,16:26:23.303718
51,100000,buy,2020-08-10,100.0,,,,,,,1.0184604005850972,16:26:24.300900
52,200000,buy,2020-08-10,80.0,15.0,,,,1.0,4.0,1.018791266994703,16:26:25.686887
53,500000,buy,2020-08-10,64.0,32.0,,,,1.0,3.0,1.0195135702685076,16:26:26.796684
54,1000000,buy,2020-08-10,59.0,38.0,,,,1.0,2.0,1.0207090448218508,16:26:28.274087
55,1500000,buy,2020-08-10,58.0,40.0,,,,1.0,1.0,1.0220528290740822,16:26:29.454302
56,10000,sell,2020-08-10,,100.0,,,,,,1.0181657550039689,16:26:30.800603
57,25000,sell,2020-08-10,,100.0,,,,,,1.018093477877784,16:26:31.944484
58,50000,sell,2020-08-10,,100.0,,,,,,1.0179742483855037,16:26:33.349758
59,100000,sell,2020-08-10,,100.0,,,,,,1.0177403057357075,16:26:34.088861
60,200000,sell,2020-08-10,27.0,73.0,,,,,,1.0174048647970493,16:26:35.348131
61,500000,sell,2020-08-10,42.0,57.0,,,,,1.0,1.0167387952853864,16:26:36.536155
62,1000000,sell,2020-08-10,46.0,50.0,,,,,4.0,1.01583471039786,16:26:37.925011
63,1500000,sell,2020-08-10,47.0,48.0,,2.0,,,3.0,1.0150250328642658,16:26:38.825400
64,10000,buy,2020-08-10,71.0,,,,,29.0,,1.0178740061630882,16:28:07.735413
65,25000,buy,2020-08-10,88.0,,,,,12.0,,1.018066114470052,16:28:09.028655
66,50000,buy,2020-08-10,93.0,,,,,7.0,,1.0182043844699271,16:28:10.320447
67,100000,buy,2020-08-10,97.0,,,,,3.0,,1.0184458256478446,16:28:11.950927
68,200000,buy,2020-08-10,79.0,15.0,,,,2.0,4.0,1.0187786802502334,16:28:12.915616
69,500000,buy,2020-08-10,64.0,33.0,,,,1.0,2.0,1.019503275995935,16:28:13.765344
70,1000000,buy,2020-08-10,59.0,38.0,,,,1.0,2.0,1.0207039509234268,16:28:14.519101
71,1500000,buy,2020-08-10,58.0,40.0,,,,1.0,1.0,1.0220418957674606,16:28:15.223874
72,10000,sell,2020-08-10,,100.0,,,,,,1.018165751169424,16:28:16.224555
73,25000,sell,2020-08-10,,100.0,,,,,,1.0180934740691103,16:28:17.493148
74,50000,sell,2020-08-10,,100.0,,,,,,1.0179742446193207,16:28:18.285894
75,100000,sell,2020-08-10,,100.0,,,,,,1.0177403020522184,16:28:18.958678
76,200000,sell,2020-08-10,27.0,73.0,,,,,,1.0174057206856477,16:28:19.676448
77,500000,sell,2020-08-10,43.0,56.0,,,,,1.0,1.016740147745548,16:28:20.916050
78,1000000,sell,2020-08-10,46.0,50.0,,,,,4.0,1.0158361564949339,16:28:21.642817
79,1500000,sell,2020-08-10,47.0,48.0,,2.0,,,3.0,1.0150265055539325,16:28:23.083476
80,10000,buy,2020-08-10,65.0,,,,,35.0,,1.017768883083769,16:29:47.759508
81,25000,buy,2020-08-10,85.0,,,,,15.0,,1.0180215430376,16:29:48.995488
82,50000,buy,2020-08-10,92.0,,,,,8.0,,1.0181855536378241,16:29:50.217633
83,100000,buy,2020-08-10,96.0,,,,,4.0,,1.018404363491743,16:29:50.979494
84,200000,buy,2020-08-10,79.0,14.0,,,,3.0,4.0,1.0187529367627353,16:29:51.770052
85,500000,buy,2020-08-10,64.0,32.0,,,,2.0,2.0,1.0194904037606394,16:29:52.896692
86,1000000,buy,2020-08-10,60.0,38.0,,,,1.0,1.0,1.0207084362387508,16:29:54.160159
87,1500000,buy,2020-08-10,59.0,40.0,,,,1.0,,1.022094963075779,16:29:55.276031
88,10000,sell,2020-08-10,,100.0,,,,,,1.018165747013739,16:29:55.996830
89,25000,sell,2020-08-10,,100.0,,,,,,1.0180934699414592,16:29:57.318249
90,50000,sell,2020-08-10,,100.0,,,,,,1.0179742405377112,16:29:57.929771
91,100000,sell,2020-08-10,,100.0,,,,,,1.0177402980602137,16:29:59.175282
92,200000,sell,2020-08-10,27.0,73.0,,,,,,1.017405717829615,16:29:59.978024
93,500000,sell,2020-08-10,43.0,57.0,,,,,,1.016735559524439,16:30:01.387577
94,1000000,sell,2020-08-10,48.0,52.0,,,,,,1.0157948558975063,16:30:03.039044
95,1500000,sell,2020-08-10,48.0,50.0,,2.0,,,,1.0149598314105501,16:30:03.820793
96,10000,buy,2020-08-10,91.0,,,,1.0,8.0,,1.0180979945978963,16:31:31.505373
97,25000,buy,2020-08-10,95.0,,,,1.0,4.0,,1.0181653055944908,16:31:32.381032
98,50000,buy,2020-08-10,97.0,,,,,3.0,,1.0182631200862164,16:31:33.620718
99,100000,buy,2020-08-10,98.0,,,,,2.0,,1.0184521362968106,16:31:34.867156
100,200000,buy,2020-08-10,80.0,15.0,,,,1.0,4.0,1.0187837828370625,16:31:35.989061
101,500000,buy,2020-08-10,64.0,33.0,,,,1.0,2.0,1.0195064266302631,16:31:36.680994
102,1000000,buy,2020-08-10,59.0,38.0,,,,1.0,2.0,1.0207061390841,16:31:37.569425
103,1500000,buy,2020-08-10,58.0,40.0,,,,1.0,1.0,1.0220467557121022,16:31:38.203644
104,10000,sell,2020-08-10,,100.0,,,,,,1.0181657448400145,16:31:38.798443
105,25000,sell,2020-08-10,,100.0,,,,,,1.0180934677823985,16:31:40.047465
106,50000,sell,2020-08-10,,100.0,,,,,,1.0179742384027337,16:31:41.196459
107,100000,sell,2020-08-10,,100.0,,,,,,1.0177402959721058,16:31:42.045866
108,200000,sell,2020-08-10,27.0,73.0,,,,,,1.017405716335703,16:31:42.898749
109,500000,sell,2020-08-10,43.0,56.0,,,,,1.0,1.016739216594323,16:31:44.162490
110,1000000,sell,2020-08-10,46.0,50.0,,,,,4.0,1.015842494432702,16:31:45.432321
111,1500000,sell,2020-08-10,47.0,48.0,,2.0,,,3.0,1.0150308706186533,16:31:46.834318
112,10000,buy,2020-08-10,98.0,,,,,2.0,,1.018105134781582,16:33:11.784965
113,25000,buy,2020-08-10,99.0,,,,,1.0,,1.0181715586872508,16:33:12.599703
114,50000,buy,2020-08-10,100.0,,,,,,,1.0182731927386337,16:33:13.924279
115,100000,buy,2020-08-10,100.0,,,,,,,1.0184635990550663,16:33:14.725022
116,200000,buy,2020-08-10,80.0,16.0,,,,,4.0,1.0187944062169358,16:33:15.476781
117,500000,buy,2020-08-10,65.0,33.0,,,,,2.0,1.019522743228245,16:33:16.290520
118,1000000,buy,2020-08-10,60.0,38.0,,,,,2.0,1.0207337197427577,16:33:17.605099
119,1500000,buy,2020-08-10,59.0,40.0,,,,,1.0,1.022089879934093,16:33:18.298875
120,10000,sell,2020-08-10,,100.0,,,,,,1.018165740812779,16:33:19.564471
121,25000,sell,2020-08-10,,100.0,,,,,,1.018093463782331,16:33:20.871051
122,50000,sell,2020-08-10,,100.0,,,,,,1.0179742344472853,16:33:22.435550
123,100000,sell,2020-08-10,,100.0,,,,,,1.0177402921034944,16:33:23.196306
124,200000,sell,2020-08-10,27.0,73.0,,,,,,1.0174057135679522,16:33:24.575864
125,500000,sell,2020-08-10,43.0,56.0,,,,,1.0,1.016739214589287,16:33:25.277639
126,1000000,sell,2020-08-10,46.0,50.0,,,,,4.0,1.0158420755760666,16:33:26.541233
127,1500000,sell,2020-08-10,47.0,48.0,,2.0,,,3.0,1.015025759315013,16:33:27.714857
128,10000,buy,2020-08-10,100.0,,,,,,,1.0181131177536646,16:34:58.975057
129,25000,buy,2020-08-10,100.0,,,,,,,1.0181691661243992,16:35:00.155032
130,50000,buy,2020-08-10,100.0,,,,,,,1.0182631727566214,16:35:00.964373
131,100000,buy,2020-08-10,100.0,,,,,,,1.018453443096143,16:35:02.311454
132,200000,buy,2020-08-10,84.0,12.0,,,,,4.0,1.0188002005569652,16:35:03.477024
133,500000,buy,2020-08-10,66.0,32.0,,,,,2.0,1.0195496489997191,16:35:04.333916
134,1000000,buy,2020-08-10,61.0,37.0,,,,,2.0,1.0207734677299134,16:35:05.829411
135,1500000,buy,2020-08-10,59.0,40.0,,,,,1.0,1.0221335193926386,16:35:06.613724
136,10000,sell,2020-08-10,,100.0,,,,,,1.018266742239291,16:35:08.184236
137,25000,sell,2020-08-10,,100.0,,,,,,1.0181938744395087,16:35:09.686149
138,50000,sell,2020-08-10,,100.0,,,,,,1.0180736739789582,16:35:10.943620
139,100000,sell,2020-08-10,,100.0,,,,,,1.0178378385334128,16:35:12.605964
140,200000,sell,2020-08-10,24.0,76.0,,,,,,1.017474698078532,16:35:14.065829
141,500000,sell,2020-08-10,41.0,58.0,,,,,1.0,1.0167873156955183,16:35:15.417743
142,1000000,sell,2020-08-10,45.0,51.0,,,,,4.0,1.0158809055980453,16:35:16.629617
143,1500000,sell,2020-08-10,46.0,49.0,,2.0,,,3.0,1.015064959487157,16:35:17.769940
144,10000,buy,2020-08-10,,,78.0,,,22.0,,1.0160681353970666,16:36:44.930499
145,25000,buy,2020-08-10,77.0,,,,,23.0,,1.0177942675896932,16:36:46.389075
146,50000,buy,2020-08-10,88.0,,,,,12.0,,1.018053752414219,16:36:47.146618
147,100000,buy,2020-08-10,91.0,2.0,,,,7.0,,1.018324798694158,16:36:48.398002
148,200000,buy,2020-08-10,73.0,23.0,,,,4.0,,1.018654348840708,16:36:49.092920
149,500000,buy,2020-08-10,61.0,35.0,,,,2.0,2.0,1.0193588325276126,16:36:50.250413
150,1000000,buy,2020-08-10,58.0,39.0,,,,1.0,2.0,1.0205473778802299,16:36:51.519514
151,1500000,buy,2020-08-10,57.0,41.0,,,,1.0,1.0,1.0218680757905039,16:36:53.216304
152,10000,sell,2020-08-10,,100.0,,,,,,1.017889488017788,16:36:54.079365
153,25000,sell,2020-08-10,,100.0,,,,,,1.0178188505051697,16:36:54.754300
154,50000,sell,2020-08-10,,100.0,,,,,,1.0177023159421248,16:36:55.502348
155,100000,sell,2020-08-10,15.0,85.0,,,,,,1.0174911484111286,16:36:56.060926
156,200000,sell,2020-08-10,34.0,66.0,,,,,,1.0172205110397876,16:36:56.845669
157,500000,sell,2020-08-10,45.0,54.0,,,,,1.0,1.0165978165700387,16:36:58.040465
158,1000000,sell,2020-08-10,47.0,49.0,,,,,4.0,1.0157243281672643,16:36:59.397018
159,1500000,sell,2020-08-10,48.0,47.0,,2.0,,,3.0,1.0149244536476771,16:37:00.134758
160,10000,buy,2020-08-10,,,48.0,,,52.0,,1.0160279149247011,16:38:27.091991
161,25000,buy,2020-08-10,70.0,,,,,30.0,,1.0174867727598094,16:38:27.799281
162,50000,buy,2020-08-10,84.0,,,,,16.0,,1.0178916006359102,16:38:29.125855
163,100000,buy,2020-08-10,90.0,1.0,,,,9.0,,1.0182354561201423,16:38:30.609379
164,200000,buy,2020-08-10,72.0,23.0,,,,5.0,,1.0186048394031324,16:38:32.117897
165,500000,buy,2020-08-10,61.0,35.0,,,,2.0,2.0,1.0193342863960475,16:38:32.954629
166,1000000,buy,2020-08-10,57.0,39.0,,,,2.0,2.0,1.0205295189913446,16:38:33.641408
167,1500000,buy,2020-08-10,57.0,41.0,,,,1.0,1.0,1.0218549569049495,16:38:34.369176
168,10000,sell,2020-08-10,,100.0,,,,,,1.0178894848735982,16:38:35.154923
169,25000,sell,2020-08-10,,100.0,,,,,,1.0178188473820524,16:38:35.787719
170,50000,sell,2020-08-10,,100.0,,,,,,1.0177023130065166,16:38:36.466501
171,100000,sell,2020-08-10,15.0,85.0,,,,,,1.0174908465066586,16:38:37.642125
172,200000,sell,2020-08-10,34.0,66.0,,,,,,1.0172198400566952,16:38:38.791757
173,500000,sell,2020-08-10,45.0,54.0,,,,,1.0,1.016596965463851,16:38:39.527521
174,1000000,sell,2020-08-10,47.0,49.0,,,,,4.0,1.0157234927858096,16:38:40.657159
175,1500000,sell,2020-08-10,48.0,47.0,,2.0,,,3.0,1.0149236504154493,16:38:41.349937
176,10000,buy,2020-08-10,,,58.0,,,42.0,,1.0156872298900004,16:40:08.435679
177,25000,buy,2020-08-10,69.0,,,,,31.0,,1.017475958175749,16:40:09.330950
178,50000,buy,2020-08-10,84.0,,,,,16.0,,1.0178858895424057,16:40:10.096830
179,100000,buy,2020-08-10,90.0,1.0,,,,9.0,,1.018232237499249,16:40:11.374782
180,200000,buy,2020-08-10,72.0,23.0,,,,5.0,,1.0186030470690095,16:40:12.608559
181,500000,buy,2020-08-10,61.0,35.0,,,,2.0,2.0,1.0193335678470503,16:40:13.810175
182,1000000,buy,2020-08-10,57.0,39.0,,,,2.0,2.0,1.02052953868001,16:40:14.663900
183,1500000,buy,2020-08-10,57.0,41.0,,,,1.0,1.0,1.0218550525970236,16:40:15.543619
184,10000,sell,2020-08-10,,100.0,,,,,,1.0178894817295483,16:40:16.679255
185,25000,sell,2020-08-10,,100.0,,,,,,1.0178188442590748,16:40:17.372031
186,50000,sell,2020-08-10,,100.0,,,,,,1.0177023099181508,16:40:18.929196
187,100000,sell,2020-08-10,15.0,85.0,,,,,,1.0174908440536539,16:40:19.532575
188,200000,sell,2020-08-10,34.0,66.0,,,,,,1.017219838385881,16:40:20.955654
189,500000,sell,2020-08-10,45.0,54.0,,,,,1.0,1.016596769325295,16:40:21.576305
190,1000000,sell,2020-08-10,47.0,49.0,,,,,4.0,1.0157204065025007,16:40:22.805133
191,1500000,sell,2020-08-10,48.0,47.0,,2.0,,,3.0,1.0149215003568215,16:40:24.120128
192,10000,buy,2020-08-10,51.0,,,,,49.0,,1.017331237614394,16:41:49.523354
193,25000,buy,2020-08-10,80.0,,,,,20.0,,1.0177903597028266,16:41:50.276017
194,50000,buy,2020-08-10,89.0,,,,,11.0,,1.018017217241203,16:41:51.184542
195,100000,buy,2020-08-10,94.0,,,,,6.0,,1.0182709922277542,16:41:52.745775
196,200000,buy,2020-08-10,75.0,22.0,,,,3.0,,1.0186077895751116,16:41:53.599320
197,500000,buy,2020-08-10,62.0,34.0,,,,2.0,2.0,1.019315836716613,16:41:54.948080
198,1000000,buy,2020-08-10,58.0,39.0,,,,1.0,2.0,1.0205015461298854,16:41:56.252021
199,1500000,buy,2020-08-10,58.0,40.0,,,,1.0,1.0,1.0218183941686758,16:41:57.461265
200,10000,sell,2020-08-10,,100.0,,,,,,1.0178894789275514,16:41:58.606995
201,25000,sell,2020-08-10,,100.0,,,,,,1.0178188414758569,16:41:59.458242
202,50000,sell,2020-08-10,,100.0,,,,,,1.0177023071657787,16:42:00.221802
203,100000,sell,2020-08-10,10.0,90.0,,,,,,1.017482201571308,16:42:01.048355
204,200000,sell,2020-08-10,32.0,68.0,,,,,,1.0171969152567233,16:42:02.023771
205,500000,sell,2020-08-10,45.0,54.0,,,,,1.0,1.016566990404483,16:42:02.793770
206,1000000,sell,2020-08-10,47.0,49.0,,,,,4.0,1.0156911325064468,16:42:04.312337
207,1500000,sell,2020-08-10,47.0,48.0,,2.0,,,3.0,1.014893591309523,16:42:05.783269
208,10000,buy,2020-08-10,93.0,,,,2.0,5.0,,1.0178740940024904,16:43:32.572592
209,25000,buy,2020-08-10,97.0,,,,1.0,2.0,,1.017995517026409,16:43:34.063114
210,50000,buy,2020-08-10,99.0,,,,,1.0,,1.0181122119443067,16:43:35.433675
211,100000,buy,2020-08-10,99.0,,,,,1.0,,1.0183221308652546,16:43:36.614297
212,200000,buy,2020-08-10,78.0,21.0,,,,1.0,,1.0186308770787618,16:43:37.480017
213,500000,buy,2020-08-10,63.0,34.0,,,,1.0,2.0,1.01932163735506,16:43:38.746613
214,1000000,buy,2020-08-10,58.0,39.0,,,,1.0,2.0,1.0204974931024757,16:43:39.950228
215,1500000,buy,2020-08-10,58.0,40.0,,,,1.0,1.0,1.0218111504245453,16:43:40.652003
216,10000,sell,2020-08-10,,100.0,,,,,,1.0178894748801504,16:43:41.518724
217,25000,sell,2020-08-10,,100.0,,,,,,1.0178188374555819,16:43:42.726337
218,50000,sell,2020-08-10,,100.0,,,,,,1.0177023031900594,16:43:43.564068
219,100000,sell,2020-08-10,7.0,93.0,,,,,,1.0174776553524816,16:43:44.817666
220,200000,sell,2020-08-10,31.0,69.0,,,,,,1.0171806104737853,16:43:46.138243
221,500000,sell,2020-08-10,44.0,55.0,,,,,1.0,1.016545005645683,16:43:47.366850
222,1000000,sell,2020-08-10,47.0,49.0,,,,,4.0,1.0156691262086555,16:43:48.708418
223,1500000,sell,2020-08-10,47.0,48.0,,2.0,,,3.0,1.0148727714119852,16:43:49.789072
224,10000,buy,2020-08-10,93.0,,,,2.0,5.0,,1.0178740940024904,16:45:15.266133
225,25000,buy,2020-08-10,97.0,,,,1.0,2.0,,1.017995517026409,16:45:16.335162
226,50000,buy,2020-08-10,99.0,,,,,1.0,,1.0181122119443067,16:45:17.595447
227,100000,buy,2020-08-10,99.0,,,,,1.0,,1.0183221308652546,16:45:18.883641
228,200000,buy,2020-08-10,79.0,21.0,,,,,,1.0186322721736372,16:45:19.664565
229,500000,buy,2020-08-10,63.0,35.0,,,,,2.0,1.0193312904961647,16:45:20.326443
230,1000000,buy,2020-08-10,59.0,39.0,,,,,2.0,1.0205171523214773,16:45:21.531995
231,1500000,buy,2020-08-10,58.0,41.0,,,,,1.0,1.0218456085002687,16:45:22.466112
232,10000,sell,2020-08-10,,100.0,,,,,,1.017889471611097,16:45:23.733208
233,25000,sell,2020-08-10,,100.0,,,,,,1.0178188342084378,16:45:24.856580
234,50000,sell,2020-08-10,,100.0,,,,,,1.0177022999789027,16:45:26.110574
235,100000,sell,2020-08-10,7.0,93.0,,,,,,1.0174776521711129,16:45:26.909004
236,200000,sell,2020-08-10,31.0,69.0,,,,,,1.017180608159294,16:45:27.720303
237,500000,sell,2020-08-10,44.0,55.0,,,,,1.0,1.016543363705272,16:45:28.515967
238,1000000,sell,2020-08-10,47.0,49.0,,,,,4.0,1.0156671471877652,16:45:30.199435
239,1500000,sell,2020-08-10,48.0,48.0,,2.0,,,2.0,1.0148547306787745,16:45:30.913288
240,10000,buy,2020-08-10,,97.0,,,,3.0,,1.0177222674172408,16:47:00.948687
241,25000,buy,2020-08-10,9.0,90.0,,,,1.0,,1.0178045542633565,16:47:02.025953
242,50000,buy,2020-08-10,31.0,68.0,,,,1.0,,1.0178854376198205,16:47:02.711710
243,100000,buy,2020-08-10,43.0,57.0,,,,,,1.0179990765530544,16:47:04.051169
244,200000,buy,2020-08-10,49.0,51.0,,,,,,1.0182073710764163,16:47:05.461570
245,500000,buy,2020-08-10,51.0,47.0,,,,,2.0,1.0188340504282178,16:47:06.737178
246,1000000,buy,2020-08-10,53.0,45.0,,,,,2.0,1.0199573612781596,16:47:07.323458
247,1500000,buy,2020-08-10,54.0,45.0,,,,,1.0,1.021220409339594,16:47:08.126206
248,10000,sell,2020-08-10,100.0,,,,,,,1.01703919160695,16:47:08.881081
249,25000,sell,2020-08-10,98.0,2.0,,,,,,1.0169836681501105,16:47:10.157426
250,50000,sell,2020-08-10,76.0,24.0,,,,,,1.0169146136914657,16:47:11.024016
251,100000,sell,2020-08-10,64.0,35.0,,,,,1.0,1.0168074913262777,16:47:12.070881
252,200000,sell,2020-08-10,59.0,40.0,,,,,1.0,1.0166074779784133,16:47:13.316686
253,500000,sell,2020-08-10,54.0,42.0,,,,,4.0,1.016058659770741,16:47:13.951600
254,1000000,sell,2020-08-10,52.0,44.0,,,,,4.0,1.0152355942346567,16:47:15.194173
255,1500000,sell,2020-08-10,51.0,44.0,,2.0,,,3.0,1.0144750169766796,16:47:15.896021
256,10000,buy,2020-08-10,,97.0,,,,3.0,,1.0177222649416606,16:48:41.924408
257,25000,buy,2020-08-10,9.0,90.0,,,,1.0,,1.0178045519536518,16:48:43.230989
258,50000,buy,2020-08-10,31.0,68.0,,,,1.0,,1.0178854358659426,16:48:44.083716
259,100000,buy,2020-08-10,43.0,57.0,,,,,,1.0179990750681607,16:48:45.206356
260,200000,buy,2020-08-10,49.0,51.0,,,,,,1.0182073697214697,16:48:46.447958
261,500000,buy,2020-08-10,51.0,47.0,,,,,2.0,1.018837572032079,16:48:47.104747
262,1000000,buy,2020-08-10,53.0,46.0,,,,,1.0,1.019966272637976,16:48:47.893495
263,1500000,buy,2020-08-10,54.0,45.0,,,,,1.0,1.0212295469458523,16:48:48.702234
264,10000,sell,2020-08-10,100.0,,,,,,,1.01703919160695,16:48:50.005816
265,25000,sell,2020-08-10,98.0,2.0,,,,,,1.0169836680993276,16:48:50.661607
266,50000,sell,2020-08-10,76.0,24.0,,,,,,1.0169146130851334,16:48:51.944197
267,100000,sell,2020-08-10,64.0,35.0,,,,,1.0,1.0168074903633302,16:48:53.126817
268,200000,sell,2020-08-10,59.0,41.0,,,,,,1.0166063096482947,16:48:54.491380
269,500000,sell,2020-08-10,56.0,44.0,,,,,,1.0160408732583954,16:48:55.866938
270,1000000,sell,2020-08-10,54.0,46.0,,,,,,1.0151703162891814,16:48:57.161522
271,1500000,sell,2020-08-10,52.0,46.0,,2.0,,,,1.0143925676420684,16:48:58.423167
272,10000,buy,2020-08-10,,97.0,,,,3.0,,1.0177222621360038,16:50:30.519189
273,25000,buy,2020-08-10,9.0,90.0,,,,1.0,,1.017804549335987,16:50:31.493104
274,50000,buy,2020-08-10,31.0,68.0,,,,1.0,,1.017885433878215,16:50:32.766661
275,100000,buy,2020-08-10,43.0,57.0,,,,,,1.0179990733852817,16:50:33.594404
276,200000,buy,2020-08-10,49.0,51.0,,,,,,1.018207368185864,16:50:34.980750
277,500000,buy,2020-08-10,51.0,47.0,,,,,2.0,1.0188340476013638,16:50:36.448902
278,1000000,buy,2020-08-10,53.0,45.0,,,,,2.0,1.0199543198847556,16:50:37.903186
279,1500000,buy,2020-08-10,54.0,45.0,,,,,1.0,1.0212192511082903,16:50:39.172062
280,10000,sell,2020-08-10,100.0,,,,,,,1.01703919160695,16:50:40.376009
281,25000,sell,2020-08-10,98.0,2.0,,,,,,1.0169836680225888,16:50:41.206484
282,50000,sell,2020-08-10,76.0,24.0,,,,,,1.0169146121688986,16:50:41.988528
283,100000,sell,2020-08-10,64.0,35.0,,,,,1.0,1.016807489128034,16:50:42.591546
284,200000,sell,2020-08-10,59.0,40.0,,,,,1.0,1.0166075305145268,16:50:43.393215
285,500000,sell,2020-08-10,54.0,42.0,,,,,4.0,1.0160590405218441,16:50:44.620492
286,1000000,sell,2020-08-10,52.0,44.0,,,,,4.0,1.0152384168962685,16:50:45.365277
287,1500000,sell,2020-08-10,51.0,44.0,,2.0,,,3.0,1.0144769905596762,16:50:46.207007
288,10000,buy,2020-08-10,,100.0,,,,,,1.0177570268818175,16:52:14.285470
289,25000,buy,2020-08-10,10.0,90.0,,,,,,1.0178197435974743,16:52:15.113804
290,50000,buy,2020-08-10,32.0,68.0,,,,,,1.0178890633844333,16:52:15.683087
291,100000,buy,2020-08-10,43.0,57.0,,,,,,1.0179990717353913,16:52:16.776774
292,200000,buy,2020-08-10,49.0,51.0,,,,,,1.0182073662438018,16:52:18.106925
293,500000,buy,2020-08-10,51.0,47.0,,,,,2.0,1.0188340457020981,16:52:19.342040
294,1000000,buy,2020-08-10,53.0,45.0,,,,,2.0,1.019954318403827,16:52:20.192245
295,1500000,buy,2020-08-10,54.0,45.0,,,,,1.0,1.0212192494520946,16:52:21.494704
296,10000,sell,2020-08-10,100.0,,,,,,,1.01703919160695,16:52:22.221870
297,25000,sell,2020-08-10,98.0,2.0,,,,,,1.0169836679689856,16:52:23.642584
298,50000,sell,2020-08-10,76.0,24.0,,,,,,1.0169146115288938,16:52:25.019753
299,100000,sell,2020-08-10,64.0,35.0,,,,,1.0,1.0168074882040115,16:52:25.720751
300,200000,sell,2020-08-10,59.0,40.0,,,,,1.0,1.0166075294788428,16:52:26.897654
301,500000,sell,2020-08-10,54.0,42.0,,,,,4.0,1.016059039427452,16:52:28.207721
302,1000000,sell,2020-08-10,52.0,44.0,,,,,4.0,1.0152384158512628,16:52:29.297500
303,1500000,sell,2020-08-10,51.0,44.0,,2.0,,,3.0,1.0144769895987098,16:52:30.168783
304,10000,buy,2020-08-10,,100.0,,,,,,1.0177532023874982,16:54:01.035745
305,25000,buy,2020-08-10,9.0,91.0,,,,,,1.0178162591763669,16:54:02.002536
306,50000,buy,2020-08-10,32.0,68.0,,,,,,1.0178864409814339,16:54:02.775628
307,100000,buy,2020-08-10,43.0,57.0,,,,,,1.0179968558983552,16:54:04.227901
308,200000,buy,2020-08-10,49.0,51.0,,,,,,1.0182053525789874,16:54:05.745755
309,500000,buy,2020-08-10,51.0,47.0,,,,,2.0,1.0188320992396125,16:54:07.045892
310,1000000,buy,2020-08-10,53.0,45.0,,,,,2.0,1.0199550216041864,16:54:07.774429
311,1500000,buy,2020-08-10,54.0,45.0,,,,,1.0,1.0212170368493345,16:54:09.015748
312,10000,sell,2020-08-10,100.0,,,,,,,1.01703919160695,16:54:09.963265
313,25000,sell,2020-08-10,99.0,1.0,,,,,,1.0169835990410265,16:54:10.740260
314,50000,sell,2020-08-10,76.0,24.0,,,,,,1.0169137015744136,16:54:11.465980
315,100000,sell,2020-08-10,65.0,34.0,,,,,1.0,1.0168061935076682,16:54:12.796947
316,200000,sell,2020-08-10,59.0,40.0,,,,,1.0,1.0166060483629638,16:54:14.156884
317,500000,sell,2020-08-10,54.0,42.0,,,,,4.0,1.016057551259911,16:54:14.870213
318,1000000,sell,2020-08-10,53.0,44.0,,,,,3.0,1.0152239744614675,16:54:16.107722
319,1500000,sell,2020-08-10,51.0,44.0,,2.0,,,3.0,1.0144689354584462,16:54:17.257744
320,10000,buy,2020-08-10,,100.0,,,,,,1.0177327551992852,16:55:41.323225
321,25000,buy,2020-08-10,4.0,96.0,,,,,,1.0177969748605853,16:55:42.180351
322,50000,buy,2020-08-10,29.0,71.0,,,,,,1.017871913337032,16:55:43.560136
323,100000,buy,2020-08-10,42.0,58.0,,,,,,1.0179846776184387,16:55:44.248214
324,200000,buy,2020-08-10,48.0,52.0,,,,,,1.018194196363576,16:55:45.513929
325,500000,buy,2020-08-10,51.0,47.0,,,,,2.0,1.0188214123353208,16:55:46.935142
326,1000000,buy,2020-08-10,53.0,45.0,,,,,2.0,1.019939542385256,16:55:47.683650
327,1500000,buy,2020-08-10,53.0,45.0,,,,1.0,1.0,1.0211969028255856,16:55:48.460229
328,10000,sell,2020-08-10,100.0,,,,,,,1.017038795024699,16:55:49.774116
329,25000,sell,2020-08-10,100.0,,,,,,,1.0169831703229082,16:55:51.068247
330,50000,sell,2020-08-10,80.0,20.0,,,,,,1.0169180392535089,16:55:51.784366
331,100000,sell,2020-08-10,67.0,32.0,,,,,1.0,1.0168067642857768,16:55:52.796498
332,200000,sell,2020-08-10,60.0,40.0,,,,,,1.0166034944778177,16:55:53.625365
333,500000,sell,2020-08-10,56.0,43.0,,,,,1.0,1.0160414748861695,16:55:54.548039
334,1000000,sell,2020-08-10,52.0,44.0,,,,,4.0,1.0151988884639886,16:55:55.875530
335,1500000,sell,2020-08-10,51.0,44.0,,2.0,,,3.0,1.014448539566212,16:55:57.167313
336,10000,buy,2020-08-10,,98.0,,,,2.0,,1.0177049443769497,16:57:23.597174
337,25000,buy,2020-08-10,,99.0,,,,1.0,,1.0177845645444437,16:57:24.205350
338,50000,buy,2020-08-10,27.0,72.0,,,,1.0,,1.0178740782733111,16:57:24.992100
339,100000,buy,2020-08-10,41.0,59.0,,,,,,1.017989487665434,16:57:25.608559
340,200000,buy,2020-08-10,48.0,52.0,,,,,,1.0181998515076427,16:57:26.795578
341,500000,buy,2020-08-10,51.0,47.0,,,,,2.0,1.0188275705639138,16:57:27.581880
342,1000000,buy,2020-08-10,52.0,45.0,,,,1.0,2.0,1.0199441851680096,16:57:28.748773
343,1500000,buy,2020-08-10,53.0,45.0,,,,1.0,1.0,1.021195896046875,16:57:29.912494
344,10000,sell,2020-08-10,100.0,,,,,,,1.0170503843203877,16:57:30.659512
345,25000,sell,2020-08-10,100.0,,,,,,,1.0169947327787596,16:57:32.194170
346,50000,sell,2020-08-10,80.0,20.0,,,,,,1.0169180386594519,16:57:33.391163
347,100000,sell,2020-08-10,67.0,32.0,,,,,1.0,1.0168067633710098,16:57:34.729326
348,200000,sell,2020-08-10,60.0,40.0,,,,,,1.0166034933578367,16:57:35.645431
349,500000,sell,2020-08-10,56.0,43.0,,,,,1.0,1.0160414737488315,16:57:36.835519
350,1000000,sell,2020-08-10,52.0,44.0,,,,,4.0,1.0151988874009905,16:57:37.441811
351,1500000,sell,2020-08-10,51.0,44.0,,2.0,,,3.0,1.0144485385886708,16:57:38.027077
352,10000,buy,2020-08-10,,99.0,,,,1.0,,1.0169101533172944,16:59:02.722994
353,25000,buy,2020-08-10,,99.0,,,,1.0,,1.0169765228287657,16:59:03.771332
354,50000,buy,2020-08-10,,100.0,,,,,,1.0170798826377652,16:59:04.419644
355,100000,buy,2020-08-10,,100.0,,,,,,1.0172855653462607,16:59:05.395439
356,200000,buy,2020-08-10,21.0,79.0,,,,,,1.0176408231592413,16:59:06.077767
357,500000,buy,2020-08-10,41.0,58.0,,,,,1.0,1.018356447813105,16:59:07.590640
358,1000000,buy,2020-08-10,47.0,51.0,,,,,2.0,1.0194713865253928,16:59:08.468594
359,1500000,buy,2020-08-10,50.0,48.0,,,,1.0,1.0,1.0206998368364184,16:59:09.952544
360,10000,sell,2020-08-10,100.0,,,,,,,1.0169821302206996,16:59:11.253069
361,25000,sell,2020-08-10,100.0,,,,,,,1.016926746018112,16:59:12.418543
362,50000,sell,2020-08-10,98.0,,,,,,2.0,1.0168367955440052,16:59:13.393473
363,100000,sell,2020-08-10,99.0,,,,,,1.0,1.0166582620650562,16:59:14.213703
364,200000,sell,2020-08-10,84.0,15.0,,,,,1.0,1.0163381615769904,16:59:14.836583
365,500000,sell,2020-08-10,65.0,33.0,,,,,2.0,1.0157116178096668,16:59:15.789779
366,1000000,sell,2020-08-10,57.0,39.0,,,,,4.0,1.0148761747612445,16:59:16.596178
367,1500000,sell,2020-08-10,54.0,41.0,,2.0,,,3.0,1.0141408938267722,16:59:17.331733
368,10000,buy,2020-08-10,,100.0,,,,,,1.0169188164671774,17:00:53.120612
369,25000,buy,2020-08-10,,100.0,,,,,,1.0169788586690471,17:00:54.460481
370,50000,buy,2020-08-10,,100.0,,,,,,1.017079879638171,17:00:55.640751
371,100000,buy,2020-08-10,2.0,98.0,,,,,,1.0172852236337517,17:00:57.026709
372,200000,buy,2020-08-10,28.0,72.0,,,,,,1.0175833499917926,17:00:58.264543
373,500000,buy,2020-08-10,43.0,56.0,,,,,1.0,1.0182533863111636,17:01:00.121943
374,1000000,buy,2020-08-10,49.0,49.0,,,,,2.0,1.0193497405042768,17:01:01.314760
375,1500000,buy,2020-08-10,51.0,47.0,,,,1.0,1.0,1.0205548362051757,17:01:02.831816
376,10000,sell,2020-08-10,100.0,,,,,,,1.016818764687412,17:01:03.791167
377,25000,sell,2020-08-10,100.0,,,,,,,1.0167640672981269,17:01:04.618690
378,50000,sell,2020-08-10,100.0,,,,,,,1.0166734878898946,17:01:05.640377
379,100000,sell,2020-08-10,100.0,,,,,,,1.016494480504903,17:01:06.548853
380,200000,sell,2020-08-10,79.0,21.0,,,,,,1.0162079592457591,17:01:07.741902
381,500000,sell,2020-08-10,63.0,36.0,,,,,1.0,1.0156122445408744,17:01:08.625972
382,1000000,sell,2020-08-10,56.0,40.0,,,,,4.0,1.0147930454026821,17:01:09.691848
383,1500000,sell,2020-08-10,54.0,42.0,,2.0,,,2.0,1.0140509874678647,17:01:11.017380
384,10000,buy,2020-08-10,,100.0,,,,,,1.0173842221443923,17:02:40.281995
385,25000,buy,2020-08-10,,100.0,,,,,,1.0174467710740631,17:02:41.071904
386,50000,buy,2020-08-10,12.0,88.0,,,,,,1.017546368418652,17:02:42.032539
387,100000,buy,2020-08-10,33.0,67.0,,,,,,1.0176786642621545,17:02:43.061470
388,200000,buy,2020-08-10,44.0,56.0,,,,,,1.0178945448639227,17:02:44.407379
389,500000,buy,2020-08-10,49.0,49.0,,,,,2.0,1.0185199520575512,17:02:45.525330
390,1000000,buy,2020-08-10,52.0,46.0,,,,,2.0,1.0196118767216356,17:02:46.685229
391,1500000,buy,2020-08-10,53.0,45.0,,,,1.0,1.0,1.0208358375558415,17:02:47.544804
392,10000,sell,2020-08-10,100.0,,,,,,,1.016818764687412,17:02:48.376593
393,25000,sell,2020-08-10,96.0,,,,,,4.0,1.0167667613686893,17:02:50.198547
394,50000,sell,2020-08-10,94.0,4.0,,,,,2.0,1.0166789684281863,17:02:51.517875
395,100000,sell,2020-08-10,74.0,25.0,,,,,1.0,1.0165481391207072,17:02:53.207789
396,200000,sell,2020-08-10,64.0,35.0,,,,,1.0,1.016337396418965,17:02:54.413265
397,500000,sell,2020-08-10,57.0,42.0,,,,,1.0,1.0157834427858694,17:02:55.020362
398,1000000,sell,2020-08-10,53.0,44.0,,,,,3.0,1.0149585076455505,17:02:55.739619
399,1500000,sell,2020-08-10,52.0,44.0,,2.0,,,2.0,1.014214950950103,17:02:57.087105
400,10000,buy,2020-08-10,,74.0,,,,26.0,,1.017185702399048,17:04:27.505208
401,25000,buy,2020-08-10,,89.0,,,,11.0,,1.0173538429574718,17:04:28.857959
402,50000,buy,2020-08-10,9.0,85.0,,,,6.0,,1.0174900374667726,17:04:30.304602
403,100000,buy,2020-08-10,31.0,66.0,,,,3.0,,1.0176445910834708,17:04:31.810063
404,200000,buy,2020-08-10,43.0,55.0,,,,2.0,,1.0178696427907772,17:04:33.272295
405,500000,buy,2020-08-10,49.0,48.0,,,,1.0,2.0,1.0184980891343143,17:04:35.065715
406,1000000,buy,2020-08-10,51.0,46.0,,,,1.0,2.0,1.0195817764699078,17:04:36.389836
407,1500000,buy,2020-08-10,53.0,45.0,,,,1.0,1.0,1.020801195224867,17:04:37.222109
408,10000,sell,2020-08-10,100.0,,,,,,,1.016818764687412,17:04:38.601867
409,25000,sell,2020-08-10,96.0,,,,,,4.0,1.0167667613686893,17:04:39.320937
410,50000,sell,2020-08-10,94.0,4.0,,,,,2.0,1.0166789684216346,17:04:39.935374
411,100000,sell,2020-08-10,74.0,25.0,,,,,1.0,1.0165481390801654,17:04:40.707824
412,200000,sell,2020-08-10,64.0,35.0,,,,,1.0,1.0163373963632925,17:04:41.391066
413,500000,sell,2020-08-10,57.0,42.0,,,,,1.0,1.0157813469228671,17:04:42.601541
414,1000000,sell,2020-08-10,53.0,43.0,,,,,4.0,1.014945654993522,17:04:43.886076
415,1500000,sell,2020-08-10,51.0,44.0,,2.0,,,3.0,1.0142171940882463,17:04:44.531562
416,10000,buy,2020-08-10,,100.0,,,,,,1.0173158377154223,17:06:10.345038
417,25000,buy,2020-08-10,,100.0,,,,,,1.0173781451411725,17:06:11.860279
418,50000,buy,2020-08-10,10.0,90.0,,,,,,1.0174792584792431,17:06:13.156318
419,100000,buy,2020-08-10,32.0,68.0,,,,,,1.017614832809068,17:06:14.026743
420,200000,buy,2020-08-10,43.0,57.0,,,,,,1.0178317923184133,17:06:14.748105
421,500000,buy,2020-08-10,49.0,49.0,,,,,2.0,1.018457325522164,17:06:15.449678
422,1000000,buy,2020-08-10,52.0,46.0,,,,,2.0,1.0195455882060989,17:06:16.757787
423,1500000,buy,2020-08-10,53.0,46.0,,,,,1.0,1.0207736945335113,17:06:17.907601
424,10000,sell,2020-08-10,90.0,,,,,,10.0,1.01676792733113,17:06:19.110951
425,25000,sell,2020-08-10,96.0,,,,,,4.0,1.0167171840245695,17:06:20.283137
426,50000,sell,2020-08-10,97.0,1.0,,,,,2.0,1.0166282295821591,17:06:21.074243
427,100000,sell,2020-08-10,75.0,24.0,,,,,1.0,1.0164935860839701,17:06:21.888262
428,200000,sell,2020-08-10,64.0,35.0,,,,,1.0,1.0162817580737467,17:06:23.036806
429,500000,sell,2020-08-10,57.0,42.0,,,,,1.0,1.015726551810221,17:06:24.193748
430,1000000,sell,2020-08-10,53.0,43.0,,,,,4.0,1.0148949595687111,17:06:25.016311
431,1500000,sell,2020-08-10,51.0,44.0,,2.0,,,3.0,1.0141693186822611,17:06:25.736397
432,10000,buy,2020-08-10,,100.0,,,,,,1.017315834683081,17:07:53.842559
433,25000,buy,2020-08-10,,100.0,,,,,,1.0173781420894141,17:07:55.053267
434,50000,buy,2020-08-10,10.0,90.0,,,,,,1.0174792557089871,17:07:56.227012
435,100000,buy,2020-08-10,32.0,68.0,,,,,,1.017614830695035,17:07:57.070285
436,200000,buy,2020-08-10,43.0,57.0,,,,,,1.0178317905105931,17:07:58.130537
437,500000,buy,2020-08-10,49.0,49.0,,,,,2.0,1.0184573238749661,17:07:59.153464
438,1000000,buy,2020-08-10,52.0,46.0,,,,,2.0,1.0195501348850382,17:08:00.438078
439,1500000,buy,2020-08-10,53.0,46.0,,,,,1.0,1.0207737485691166,17:08:01.790541
440,10000,sell,2020-08-10,90.0,,,,,,10.0,1.01676792733113,17:08:03.392476
441,25000,sell,2020-08-10,96.0,,,,,,4.0,1.0167171840245695,17:08:04.629743
442,50000,sell,2020-08-10,97.0,1.0,,,,,2.0,1.0166282295547124,17:08:05.691300
443,100000,sell,2020-08-10,75.0,24.0,,,,,1.0,1.0164935854319224,17:08:07.588588
444,200000,sell,2020-08-10,64.0,35.0,,,,,1.0,1.0162817571414446,17:08:08.664263
445,500000,sell,2020-08-10,57.0,42.0,,,,,1.0,1.0157265507552045,17:08:09.309112
446,1000000,sell,2020-08-10,53.0,43.0,,,,,4.0,1.014894958824429,17:08:10.017884
447,1500000,sell,2020-08-10,51.0,44.0,,2.0,,,3.0,1.0141693179841844,17:08:11.358455
448,10000,buy,2020-08-10,,100.0,,,,,,1.0173158323610603,17:09:35.969128
449,25000,buy,2020-08-10,,100.0,,,,,,1.0173781397525243,17:09:37.156326
450,50000,buy,2020-08-10,10.0,90.0,,,,,,1.0174792535876578,17:09:38.307178
451,100000,buy,2020-08-10,32.0,68.0,,,,,,1.0176148290762101,17:09:39.030348
452,200000,buy,2020-08-10,43.0,57.0,,,,,,1.0178317891262507,17:09:40.393430
453,500000,buy,2020-08-10,49.0,49.0,,,,,2.0,1.0184564815188537,17:09:41.214540
454,1000000,buy,2020-08-10,52.0,47.0,,,,,1.0,1.0195548429557109,17:09:42.386358
455,1500000,buy,2020-08-10,54.0,46.0,,,,,,1.020823096212779,17:09:43.134932
456,10000,sell,2020-08-10,83.0,,,,,7.0,10.0,1.0169767638686777,17:09:44.585098
457,25000,sell,2020-08-10,93.0,,,,,3.0,4.0,1.0167615649489268,17:09:45.918316
458,50000,sell,2020-08-10,83.0,7.0,,,,8.0,2.0,1.016657331158219,17:09:47.164660
459,100000,sell,2020-08-10,69.0,26.0,,,,4.0,1.0,1.016497074422568,17:09:47.963028
460,200000,sell,2020-08-10,61.0,36.0,,,,2.0,1.0,1.0162728420998808,17:09:48.598965
461,500000,sell,2020-08-10,56.0,42.0,,,,1.0,1.0,1.0157136013903316,17:09:49.779010
462,1000000,sell,2020-08-10,52.0,43.0,,,,1.0,4.0,1.0148865046891677,17:09:51.037851
463,1500000,sell,2020-08-10,50.0,44.0,,2.0,,1.0,3.0,1.0141616990431734,17:09:52.655279
464,10000,buy,2020-08-10,,100.0,,,,,,1.0173158304763272,17:11:20.567789
465,25000,buy,2020-08-10,,100.0,,,,,,1.0173781378557225,17:11:21.931310
466,50000,buy,2020-08-10,19.0,81.0,,,,,,1.0174690264261068,17:11:23.271401
467,100000,buy,2020-08-10,37.0,63.0,,,,,,1.0175901978830213,17:11:23.967731
468,200000,buy,2020-08-10,45.0,55.0,,,,,,1.017799491245018,17:11:25.055120
469,500000,buy,2020-08-10,50.0,48.0,,,,,2.0,1.018418868997067,17:11:26.240035
470,1000000,buy,2020-08-10,53.0,46.0,,,,,1.0,1.0195119216365627,17:11:27.539426
471,1500000,buy,2020-08-10,54.0,46.0,,,,,,1.0207749641725121,17:11:28.706857
472,10000,sell,2020-08-10,88.0,,,,,2.0,10.0,1.016725553083443,17:11:30.111995
473,25000,sell,2020-08-10,95.0,,,,,1.0,4.0,1.0166585218076511,17:11:30.863539
474,50000,sell,2020-08-10,88.0,10.0,,,,,2.0,1.0165633962208616,17:11:32.196467
475,100000,sell,2020-08-10,71.0,28.0,,,,,1.0,1.0164425399759747,17:11:33.333657
476,200000,sell,2020-08-10,62.0,37.0,,,,,1.0,1.0162382309284541,17:11:34.325454
477,500000,sell,2020-08-10,56.0,43.0,,,,,1.0,1.015688788881694,17:11:35.516462
478,1000000,sell,2020-08-10,53.0,43.0,,,,,4.0,1.0148618408583214,17:11:36.654554
479,1500000,sell,2020-08-10,51.0,44.0,,2.0,,,3.0,1.0141391345210051,17:11:37.872719
480,10000,buy,2020-08-10,,100.0,,,,,,1.0173158264887225,17:12:59.599928
481,25000,buy,2020-08-10,,100.0,,,,,,1.017378133842582,17:13:00.902631
482,50000,buy,2020-08-10,19.0,81.0,,,,,,1.0174690231536998,17:13:01.936094
483,100000,buy,2020-08-10,37.0,63.0,,,,,,1.0175901963868668,17:13:02.890788
484,200000,buy,2020-08-10,45.0,55.0,,,,,,1.0177994899119713,17:13:03.801746
485,500000,buy,2020-08-10,50.0,48.0,,,,,2.0,1.0184188677646064,17:13:05.129512
486,1000000,buy,2020-08-10,53.0,46.0,,,,,1.0,1.01951192032842,17:13:05.812294
487,1500000,buy,2020-08-10,54.0,46.0,,,,,,1.020774962707015,17:13:07.059223
488,10000,sell,2020-08-10,75.0,,,,,15.0,10.0,1.0167745978135634,17:13:07.799320
489,25000,sell,2020-08-10,89.0,,,,,7.0,4.0,1.0166844821389303,17:13:08.733250
490,50000,sell,2020-08-10,85.0,9.0,,,,4.0,2.0,1.0165863612951396,17:13:09.436474
491,100000,sell,2020-08-10,70.0,27.0,,,,2.0,1.0,1.0164578305112575,17:13:10.244215
492,200000,sell,2020-08-10,61.0,37.0,,,,1.0,1.0,1.0162495444421409,17:13:11.738736
493,500000,sell,2020-08-10,56.0,43.0,,,,1.0,,1.015696216064358,17:13:13.150315
494,1000000,sell,2020-08-10,54.0,44.0,,,,1.0,1.0,1.0148562950188402,17:13:13.836064
495,1500000,sell,2020-08-10,51.0,45.0,,2.0,,1.0,1.0,1.0141127315796885,17:13:15.172388
496,10000,buy,2020-08-10,,100.0,,,,,,1.0173158232676012,17:14:46.208208
497,25000,buy,2020-08-10,,100.0,,,,,,1.0173781306008287,17:14:47.457006
498,50000,buy,2020-08-10,19.0,81.0,,,,,,1.0174690206076118,17:14:48.682004
499,100000,buy,2020-08-10,37.0,63.0,,,,,,1.017590195055274,17:14:49.472030
500,200000,buy,2020-08-10,45.0,55.0,,,,,,1.0177994903015046,17:14:50.340061
501,500000,buy,2020-08-10,50.0,49.0,,,,,1.0,1.018419727820633,17:14:51.277060
502,1000000,buy,2020-08-10,53.0,46.0,,,,,1.0,1.0195128594263771,17:14:52.246078
503,1500000,buy,2020-08-10,54.0,46.0,,,,,,1.0207749915177415,17:14:53.860012
504,10000,sell,2020-08-10,98.0,,,,,2.0,,1.016717609286101,17:14:54.756297
505,25000,sell,2020-08-10,99.0,,,,,1.0,,1.0166510308783616,17:14:56.019391
506,50000,sell,2020-08-10,89.0,11.0,,,,,,1.01655682005749,17:14:56.725678
507,100000,sell,2020-08-10,71.0,29.0,,,,,,1.0164373426666524,17:14:57.662052
508,200000,sell,2020-08-10,62.0,38.0,,,,,,1.0162363930883822,17:14:58.979124
509,500000,sell,2020-08-10,57.0,43.0,,,,,,1.0156832390250312,17:14:59.918948
510,1000000,sell,2020-08-10,54.0,44.0,,,,,2.0,1.0148529342071435,17:15:01.228036
511,1500000,sell,2020-08-10,51.0,45.0,,2.0,,,2.0,1.0141211990284738,17:15:03.183039
512,10000,buy,2020-08-10,,100.0,,,,,,1.017315820374095,17:16:32.005069
513,25000,buy,2020-08-10,,100.0,,,,,,1.017378127688789,17:16:32.804824
514,50000,buy,2020-08-10,21.0,79.0,,,,,,1.017465761440927,17:16:33.688182
515,100000,buy,2020-08-10,38.0,62.0,,,,,,1.0175841124512646,17:16:34.441673
516,200000,buy,2020-08-10,46.0,54.0,,,,,,1.0177919108755962,17:16:35.785072
517,500000,buy,2020-08-10,50.0,48.0,,,,,2.0,1.0184104394157074,17:16:36.998345
518,1000000,buy,2020-08-10,53.0,46.0,,,,,1.0,1.0195026446839022,17:16:38.133849
519,1500000,buy,2020-08-10,54.0,46.0,,,,,,1.0207651223908687,17:16:39.485733
520,10000,sell,2020-08-10,88.0,,,,,2.0,10.0,1.0167112090274713,17:16:40.287090
521,25000,sell,2020-08-10,95.0,,,,,1.0,4.0,1.0166430660137646,17:16:41.570106
522,50000,sell,2020-08-10,85.0,13.0,,,,,2.0,1.0165493556620513,17:16:42.460220
523,100000,sell,2020-08-10,70.0,29.0,,,,,1.0,1.0164311811012325,17:16:43.366127
524,200000,sell,2020-08-10,61.0,38.0,,,,,1.0,1.0162282873384705,17:16:44.120705
525,500000,sell,2020-08-10,56.0,43.0,,,,,1.0,1.015677530734916,17:16:45.420773
526,1000000,sell,2020-08-10,53.0,44.0,,,,,3.0,1.0148488455894706,17:16:46.712951
527,1500000,sell,2020-08-10,51.0,44.0,,2.0,,,3.0,1.0141269672973623,17:16:47.415834
528,10000,buy,2020-08-10,,100.0,,,,,,1.0173158174259957,17:18:12.666985
529,25000,buy,2020-08-10,,100.0,,,,,,1.0173781247218063,17:18:13.482725
530,50000,buy,2020-08-10,21.0,79.0,,,,,,1.0174657590823197,17:18:14.251478
531,100000,buy,2020-08-10,38.0,62.0,,,,,,1.0175841105821553,17:18:15.743001
532,200000,buy,2020-08-10,46.0,54.0,,,,,,1.0177919092148766,17:18:16.433778
533,500000,buy,2020-08-10,51.0,48.0,,,,,1.0,1.0184111632138482,17:18:17.269511
534,1000000,buy,2020-08-10,53.0,46.0,,,,,1.0,1.0195060474582773,17:18:18.334168
535,1500000,buy,2020-08-10,54.0,46.0,,,,,,1.0207651205296524,17:18:19.520788
536,10000,sell,2020-08-10,88.0,,,,,2.0,10.0,1.0167112090274713,17:18:20.480482
537,25000,sell,2020-08-10,95.0,,,,,1.0,4.0,1.0166430660137646,17:18:21.092284
538,50000,sell,2020-08-10,85.0,13.0,,,,,2.0,1.0165493552818023,17:18:22.281903
539,100000,sell,2020-08-10,70.0,29.0,,,,,1.0,1.016431180261208,17:18:23.512508
540,200000,sell,2020-08-10,62.0,38.0,,,,,,1.0162264331421635,17:18:24.758110
541,500000,sell,2020-08-10,56.0,43.0,,,,,1.0,1.0156757031432169,17:18:25.913740
542,1000000,sell,2020-08-10,54.0,44.0,,,,,2.0,1.014846918159908,17:18:27.036379
543,1500000,sell,2020-08-10,51.0,44.0,,2.0,,,3.0,1.0141218565537409,17:18:28.382949
544,10000,buy,2020-08-10,,99.0,,,,1.0,,1.0173093839923444,17:19:51.610884
545,25000,buy,2020-08-10,,100.0,,,,,,1.0173762224738498,17:19:52.903951
546,50000,buy,2020-08-10,5.0,95.0,,,,,,1.017480178550265,17:19:54.381265
547,100000,buy,2020-08-10,30.0,70.0,,,,,,1.0176248908143775,17:19:55.664847
548,200000,buy,2020-08-10,42.0,58.0,,,,,,1.0178460538433713,17:19:57.008141
549,500000,buy,2020-08-10,49.0,49.0,,,,,2.0,1.0184719491519012,17:19:58.130832
550,1000000,buy,2020-08-10,52.0,47.0,,,,,1.0,1.0195687081269975,17:19:59.496969
551,1500000,buy,2020-08-10,54.0,46.0,,,,,,1.020834355582341,17:20:00.070998
552,10000,sell,2020-08-10,100.0,,,,,,,1.0168045766921918,17:20:01.271494
553,25000,sell,2020-08-10,96.0,,,,,,4.0,1.0167535370139777,17:20:02.415807
554,50000,sell,2020-08-10,98.0,,,,,,2.0,1.0166656543347028,17:20:03.945666
555,100000,sell,2020-08-10,78.0,21.0,,,,,1.0,1.0165228043491905,17:20:05.354953
556,200000,sell,2020-08-10,66.0,33.0,,,,,1.0,1.016306785916756,17:20:06.421741
557,500000,sell,2020-08-10,58.0,41.0,,,,,1.0,1.01574762737036,17:20:07.216874
558,1000000,sell,2020-08-10,55.0,43.0,,,,,2.0,1.0149142244056648,17:20:08.618804
559,1500000,sell,2020-08-10,52.0,43.0,,2.0,,,3.0,1.0141891693091105,17:20:10.021545
560,10000,buy,2020-08-10,,100.0,,,,,,1.0173139198289547,17:21:37.049289
561,25000,buy,2020-08-10,,100.0,,,,,,1.017376220248931,17:21:37.639855
562,50000,buy,2020-08-10,2.0,98.0,,,,,,1.0174808392556285,17:21:38.988048
563,100000,buy,2020-08-10,28.0,72.0,,,,,,1.0176303097572634,17:21:40.191290
564,200000,buy,2020-08-10,41.0,59.0,,,,,,1.017854016499581,17:21:41.563014
565,500000,buy,2020-08-10,48.0,50.0,,,,,2.0,1.01848158943044,17:21:42.260819
566,1000000,buy,2020-08-10,52.0,47.0,,,,,1.0,1.0195798528347504,17:21:43.055465
567,1500000,buy,2020-08-10,54.0,46.0,,,,,,1.0208469722686782,17:21:44.236984
568,10000,sell,2020-08-10,100.0,,,,,,,1.01682310323485,17:21:45.440008
569,25000,sell,2020-08-10,96.0,,,,,,4.0,1.0167712560688005,17:21:46.602375
570,50000,sell,2020-08-10,98.0,,,,,,2.0,1.0166836225697748,17:21:48.031816
571,100000,sell,2020-08-10,79.0,20.0,,,,,1.0,1.0165370916648873,17:21:49.235885
572,200000,sell,2020-08-10,66.0,33.0,,,,,1.0,1.0163186248096747,17:21:49.960607
573,500000,sell,2020-08-10,58.0,41.0,,,,,1.0,1.0157576175160419,17:21:50.870292
574,1000000,sell,2020-08-10,55.0,43.0,,,,,2.0,1.0149231107405712,17:21:52.142709
575,1500000,sell,2020-08-10,52.0,44.0,,2.0,,,2.0,1.0141879400730238,17:21:54.003636
576,10000,buy,2020-08-10,,100.0,,,,,,1.0173139757977985,17:23:16.349705
577,25000,buy,2020-08-10,,100.0,,,,,,1.0173762764055092,17:23:17.028486
578,50000,buy,2020-08-10,2.0,98.0,,,,,,1.0174809513624943,17:23:18.263091
579,100000,buy,2020-08-10,28.0,72.0,,,,,,1.0176311521173589,17:23:19.490698
580,200000,buy,2020-08-10,41.0,59.0,,,,,,1.01785524355789,17:23:20.683316
581,500000,buy,2020-08-10,48.0,50.0,,,,,2.0,1.0184830864331695,17:23:21.922919
582,1000000,buy,2020-08-10,52.0,47.0,,,,,1.0,1.0195816222601877,17:23:22.784641
583,1500000,buy,2020-08-10,54.0,46.0,,,,,,1.0208489967514025,17:23:24.064231
584,10000,sell,2020-08-10,100.0,,,,,,,1.0168259311858876,17:23:24.949948
585,25000,sell,2020-08-10,96.0,,,,,,4.0,1.0167739591111569,17:23:25.934633
586,50000,sell,2020-08-10,98.0,,,,,,2.0,1.0166863606353027,17:23:26.676395
587,100000,sell,2020-08-10,79.0,20.0,,,,,1.0,1.0165392896675953,17:23:27.579104
588,200000,sell,2020-08-10,66.0,33.0,,,,,1.0,1.0163204405720259,17:23:28.759726
589,500000,sell,2020-08-10,59.0,41.0,,,,,,1.0157566549085506,17:23:29.601455
590,1000000,sell,2020-08-10,54.0,42.0,,,,,4.0,1.0149258887162889,17:23:30.859053
591,1500000,sell,2020-08-10,52.0,43.0,,2.0,,,3.0,1.0142011793096708,17:23:31.657798
592,10000,buy,2020-08-10,,100.0,,,,,,1.0173139737516264,17:24:58.633513
593,25000,buy,2020-08-10,,100.0,,,,,,1.0173762743462291,17:24:59.384476
594,50000,buy,2020-08-10,2.0,98.0,,,,,,1.0174809493235561,17:24:59.986342
595,100000,buy,2020-08-10,28.0,72.0,,,,,,1.0176311506043052,17:25:00.744911
596,200000,buy,2020-08-10,41.0,59.0,,,,,,1.0178552422929508,17:25:01.877784
597,500000,buy,2020-08-10,48.0,50.0,,,,,2.0,1.018483085296362,17:25:03.436884
598,1000000,buy,2020-08-10,52.0,47.0,,,,,1.0,1.0195816210762907,17:25:04.601923
599,1500000,buy,2020-08-10,53.0,46.0,,,,1.0,,1.020838464389234,17:25:05.333495
600,10000,sell,2020-08-10,100.0,,,,,,,1.0168259695155264,17:25:06.150764
601,25000,sell,2020-08-10,96.0,,,,,,4.0,1.0167739957994704,17:25:07.351524
602,50000,sell,2020-08-10,98.0,,,,,,2.0,1.0166863978920473,17:25:08.046612
603,100000,sell,2020-08-10,79.0,20.0,,,,,1.0,1.016539318996546,17:25:09.479759
604,200000,sell,2020-08-10,66.0,33.0,,,,,1.0,1.0163204641878876,17:25:11.073848
605,500000,sell,2020-08-10,58.0,41.0,,,,,1.0,1.015759177558075,17:25:11.900584
606,1000000,sell,2020-08-10,54.0,42.0,,,,,4.0,1.0149259061728144,17:25:13.226007
607,1500000,sell,2020-08-10,52.0,43.0,,2.0,,,3.0,1.014201195316504,17:25:14.015524
608,10000,buy,2020-08-10,,100.0,,,,,,1.017313970750581,17:26:41.158071
609,25000,buy,2020-08-10,,100.0,,,,,,1.0173762711886762,17:26:41.869028
610,50000,buy,2020-08-10,2.0,98.0,,,,,,1.017480946965873,17:26:43.107571
611,100000,buy,2020-08-10,28.0,72.0,,,,,,1.0176311587835292,17:26:44.417042
612,200000,buy,2020-08-10,41.0,59.0,,,,,,1.0178552561069278,17:26:45.578325
613,500000,buy,2020-08-10,48.0,50.0,,,,,2.0,1.018483102693693,17:26:46.296716
614,1000000,buy,2020-08-10,51.0,47.0,,,,1.0,1.0,1.019576656474032,17:26:47.536924
615,1500000,buy,2020-08-10,53.0,46.0,,,,1.0,,1.0208299600744215,17:26:48.759087
616,10000,sell,2020-08-10,100.0,,,,,,,1.0168259695155264,17:26:49.561045
617,25000,sell,2020-08-10,96.0,,,,,,4.0,1.0167739957994704,17:26:50.241152
618,50000,sell,2020-08-10,98.0,,,,,,2.0,1.0166863978920473,17:26:51.444010
619,100000,sell,2020-08-10,79.0,20.0,,,,,1.0,1.016539318404519,17:26:52.056971
620,200000,sell,2020-08-10,66.0,33.0,,,,,1.0,1.0163204634391352,17:26:53.365914
621,500000,sell,2020-08-10,58.0,41.0,,,,,1.0,1.015759176690731,17:26:54.584030
622,1000000,sell,2020-08-10,54.0,42.0,,,,,4.0,1.0149259052618318,17:26:55.410928
623,1500000,sell,2020-08-10,52.0,43.0,,2.0,,,3.0,1.0142011944602454,17:26:56.022089
624,10000,buy,2020-08-10,,100.0,,,,,,1.0173139685953203,17:28:19.944010
625,25000,buy,2020-08-10,,100.0,,,,,,1.0173762691568917,17:28:21.159623
626,50000,buy,2020-08-10,2.0,98.0,,,,,,1.0174809449541584,17:28:21.881389
627,100000,buy,2020-08-10,28.0,72.0,,,,,,1.0176311576134562,17:28:22.745114
628,200000,buy,2020-08-10,41.0,59.0,,,,,,1.0178552548251465,17:28:24.063690
629,500000,buy,2020-08-10,48.0,50.0,,,,,2.0,1.0184824798964893,17:28:25.266303
630,1000000,buy,2020-08-10,51.0,47.0,,,,1.0,1.0,1.0195716600500433,17:28:26.676853
631,1500000,buy,2020-08-10,53.0,46.0,,,,1.0,,1.0208252770238075,17:28:27.618551
632,10000,sell,2020-08-10,100.0,,,,,,,1.0168259695155264,17:28:28.683209
633,25000,sell,2020-08-10,96.0,,,,,,4.0,1.0167739957994704,17:28:29.872829
634,50000,sell,2020-08-10,98.0,,,,,,2.0,1.0166863978920473,17:28:30.664573
635,100000,sell,2020-08-10,79.0,20.0,,,,,1.0,1.0165393179954876,17:28:31.951162
636,200000,sell,2020-08-10,66.0,33.0,,,,,1.0,1.016320462777455,17:28:33.190762
637,500000,sell,2020-08-10,58.0,41.0,,,,,1.0,1.0157591759152327,17:28:34.546329
638,1000000,sell,2020-08-10,54.0,42.0,,,,,4.0,1.0149259046289454,17:28:35.100152
639,1500000,sell,2020-08-10,52.0,43.0,,2.0,,,3.0,1.0142011938653774,17:28:35.747942
640,10000,buy,2020-08-10,,100.0,,,,,,1.016700974968435,17:30:04.638661
641,25000,buy,2020-08-10,,100.0,,,,,,1.0167611144013342,17:30:05.965793
642,50000,buy,2020-08-10,,100.0,,,,,,1.0168623125854654,17:30:07.281612
643,100000,buy,2020-08-10,,100.0,,,,,,1.017068408873452,17:30:08.123712
644,200000,buy,2020-08-10,21.0,79.0,,,,,,1.0174217557765888,17:30:09.514935
645,500000,buy,2020-08-10,41.0,58.0,,,,,1.0,1.0181321800930776,17:30:10.562583
646,1000000,buy,2020-08-10,48.0,50.0,,,,1.0,1.0,1.019212220881057,17:30:11.453659
647,1500000,buy,2020-08-10,51.0,48.0,,,,1.0,,1.0204558760498126,17:30:12.369530
648,10000,sell,2020-08-10,100.0,,,,,,,1.0168335694496353,17:30:14.392064
649,25000,sell,2020-08-10,100.0,,,,,,,1.016779221936045,17:30:15.716273
650,50000,sell,2020-08-10,100.0,,,,,,,1.0166892218291173,17:30:16.378747
651,100000,sell,2020-08-10,100.0,,,,,,,1.016511359054037,17:30:17.576553
652,200000,sell,2020-08-10,87.0,13.0,,,,,,1.0161869740897262,17:30:18.206656
653,500000,sell,2020-08-10,67.0,33.0,,,,,,1.0155453297902726,17:30:19.036628
654,1000000,sell,2020-08-10,58.0,38.0,,,,,4.0,1.0147017064075756,17:30:20.500690
655,1500000,sell,2020-08-10,55.0,41.0,,2.0,,,2.0,1.0139672589131203,17:30:21.276930
656,10000,buy,2020-08-10,,100.0,,,,,,1.0166969142010234,17:31:45.982571
657,25000,buy,2020-08-10,,100.0,,,,,,1.0167570381719861,17:31:47.269513
658,50000,buy,2020-08-10,,100.0,,,,,,1.0168582115771554,17:31:48.537351
659,100000,buy,2020-08-10,,100.0,,,,,,1.0170642574329958,17:31:49.677717
660,200000,buy,2020-08-10,21.0,79.0,,,,,,1.017420027095554,17:31:50.780712
661,500000,buy,2020-08-10,41.0,58.0,,,,,1.0,1.0181327978976067,17:31:51.436088
662,1000000,buy,2020-08-10,48.0,51.0,,,,,1.0,1.0192459176273856,17:31:52.179514
663,1500000,buy,2020-08-10,51.0,48.0,,,,1.0,,1.0204909787428507,17:31:53.479198
664,10000,sell,2020-08-10,100.0,,,,,,,1.0168335694496353,17:31:54.248266
665,25000,sell,2020-08-10,100.0,,,,,,,1.016779221936045,17:31:54.893591
666,50000,sell,2020-08-10,98.0,,,,,,2.0,1.0166938338702456,17:31:55.510900
667,100000,sell,2020-08-10,99.0,,,,,,1.0,1.0165171808540105,17:31:56.998800
668,200000,sell,2020-08-10,87.0,12.0,,,,,1.0,1.0161903438937305,17:31:57.671007
669,500000,sell,2020-08-10,67.0,32.0,,,,,1.0,1.0155492017070844,17:31:58.362035
670,1000000,sell,2020-08-10,59.0,38.0,,,,,3.0,1.0147024167336194,17:31:59.717814
671,1500000,sell,2020-08-10,55.0,41.0,,2.0,,,2.0,1.0139689392134283,17:32:01.072848
672,10000,buy,2020-08-10,,100.0,,,,,,1.0171835182378628,17:33:27.876316
673,25000,buy,2020-08-10,,100.0,,,,,,1.0172463020677418,17:33:28.564094
674,50000,buy,2020-08-10,,100.0,,,,,,1.0173519640635584,17:33:29.219886
675,100000,buy,2020-08-10,,100.0,,,,,,1.017567205476849,17:33:30.650427
676,200000,buy,2020-08-10,,100.0,,,,,,1.018014040628596,17:33:32.041980
677,500000,buy,2020-08-10,30.0,68.0,,,,,2.0,1.0190078830339209,17:33:33.181616
678,1000000,buy,2020-08-10,44.0,55.0,,,,,1.0,1.020282020212316,17:33:33.821410
679,1500000,buy,2020-08-10,48.0,51.0,,,,1.0,,1.0216445803772938,17:33:34.474201
680,10000,sell,2020-08-10,100.0,,,,,,,1.0183035300746117,17:33:35.447887
681,25000,sell,2020-08-10,100.0,,,,,,,1.0182461845973287,17:33:36.296615
682,50000,sell,2020-08-10,100.0,,,,,,,1.018151226207464,17:33:36.958404
683,100000,sell,2020-08-10,100.0,,,,,,,1.017963588610489,17:33:37.817129
684,200000,sell,2020-08-10,100.0,,,,,,,1.0175971582918735,17:33:39.049733
685,500000,sell,2020-08-10,80.0,20.0,,,,,,1.0167015048796333,17:33:40.463280
686,1000000,sell,2020-08-10,67.0,32.0,,,,,1.0,1.015699651957867,17:33:41.726874
687,1500000,sell,2020-08-10,61.0,35.0,,2.0,,,2.0,1.0148781421803212,17:33:42.718557
688,10000,buy,2020-08-10,,100.0,,,,,,1.0176075832692535,17:51:31.007124
689,25000,buy,2020-08-10,,100.0,,,,,,1.017672714361659,17:51:32.242468
690,50000,buy,2020-08-10,,100.0,,,,,,1.0177823391425536,17:51:33.498894
691,100000,buy,2020-08-10,,100.0,,,,,,1.0180057013402908,17:51:34.737581
692,200000,buy,2020-08-10,14.0,86.0,,,,,,1.0184347100128814,17:51:35.878938
693,500000,buy,2020-08-10,39.0,59.0,,,,,2.0,1.0192304731156137,17:51:37.104287
694,1000000,buy,2020-08-10,48.0,51.0,,,,,1.0,1.0204432389271152,17:51:38.287391
695,1500000,buy,2020-08-10,52.0,48.0,,,,,,1.021799440122455,17:51:39.436850
696,10000,sell,2020-08-10,100.0,,,,,,,1.0180756147248813,17:51:40.583858
697,25000,sell,2020-08-10,100.0,,,,,,,1.0180190280505306,17:51:41.204810
698,50000,sell,2020-08-10,100.0,,,,,,,1.0179253222310158,17:51:42.476898
699,100000,sell,2020-08-10,100.0,,,,,,,1.0177401452403403,17:51:43.824873
700,200000,sell,2020-08-10,97.0,3.0,,,,,,1.0173795814290487,17:51:44.994910
701,500000,sell,2020-08-10,72.0,28.0,,,,,,1.0166367625770114,17:51:45.783126
702,1000000,sell,2020-08-10,50.0,49.0,,,,,1.0,1.0154562060362378,17:51:47.141904
703,1500000,sell,2020-08-10,57.0,40.0,,2.0,,,1.0,1.0147394473043803,17:51:47.858313
704,10000,buy,2020-08-10,,100.0,,,,,,1.0176075832692535,17:51:49.072780
705,25000,buy,2020-08-10,,100.0,,,,,,1.017672714361659,17:51:50.158790
706,50000,buy,2020-08-10,,100.0,,,,,,1.0177823391425536,17:51:50.861361
707,100000,buy,2020-08-10,,100.0,,,,,,1.0180057013402908,17:51:51.444475
708,200000,buy,2020-08-10,23.0,77.0,,,,,,1.0183794191166102,17:51:52.133394
709,500000,buy,2020-08-10,42.0,56.0,,,,,2.0,1.0191053576069409,17:51:53.164857
710,1000000,buy,2020-08-10,50.0,49.0,,,,,1.0,1.0202806904353083,17:51:54.373083
711,1500000,buy,2020-08-10,53.0,47.0,,,,,,1.0216107532871341,17:51:55.588108
712,10000,sell,2020-08-10,100.0,,,,,,,1.017780503561173,17:51:56.941991
713,25000,sell,2020-08-10,100.0,,,,,,,1.0177249815374039,17:51:58.102306
714,50000,sell,2020-08-10,100.0,,,,,,,1.0176330337488475,17:51:58.781958
715,100000,sell,2020-08-10,100.0,,,,,,,1.0174513125214317,17:51:59.567033
716,200000,sell,2020-08-10,89.0,11.0,,,,,,1.0171164139632767,17:52:00.204879
717,500000,sell,2020-08-10,69.0,31.0,,,,,,1.0164447475589833,17:52:01.137932
718,1000000,sell,2020-08-10,61.0,38.0,,,,,1.0,1.0155389246582072,17:52:02.627453
719,1500000,sell,2020-08-10,56.0,39.0,,2.0,,,3.0,1.0147537530597601,17:52:03.311121
720,10000,buy,2020-08-10,,100.0,,,,,,1.0176075777382967,17:53:27.127186
721,25000,buy,2020-08-10,,100.0,,,,,,1.0176727087943767,17:53:28.375786
722,50000,buy,2020-08-10,,100.0,,,,,,1.0177823335138774,17:53:28.965597
723,100000,buy,2020-08-10,,100.0,,,,,,1.018005695585546,17:53:29.988269
724,200000,buy,2020-08-10,23.0,77.0,,,,,,1.018379414575553,17:53:31.239866
725,500000,buy,2020-08-10,42.0,56.0,,,,,2.0,1.0191053541064168,17:53:32.461475
726,1000000,buy,2020-08-10,50.0,49.0,,,,,1.0,1.020280687045713,17:53:33.807044
727,1500000,buy,2020-08-10,53.0,47.0,,,,,,1.0216107496571594,17:53:35.076637
728,10000,sell,2020-08-10,100.0,,,,,,,1.017780503561173,17:53:35.857387
729,25000,sell,2020-08-10,100.0,,,,,,,1.0177249815374039,17:53:36.684122
730,50000,sell,2020-08-10,100.0,,,,,,,1.0176330337488475,17:53:37.987705
731,100000,sell,2020-08-10,100.0,,,,,,,1.0174513125214317,17:53:39.096349
732,200000,sell,2020-08-10,89.0,11.0,,,,,,1.0171164138017843,17:53:40.395932
733,500000,sell,2020-08-10,69.0,31.0,,,,,,1.0164447471294813,17:53:41.653528
734,1000000,sell,2020-08-10,61.0,38.0,,,,,1.0,1.015537868678685,17:53:42.348305
735,1500000,sell,2020-08-10,56.0,39.0,,2.0,,,3.0,1.014753048939052,17:53:43.573913
736,10000,buy,2020-08-10,,100.0,,,,,,1.0176075777382967,17:53:44.114737
737,25000,buy,2020-08-10,,100.0,,,,,,1.0176727073809222,17:53:44.722544
738,50000,buy,2020-08-10,,100.0,,,,,,1.017782332084836,17:53:45.567273
739,100000,buy,2020-08-10,,100.0,,,,,,1.018005694124498,17:53:46.494976
740,200000,buy,2020-08-10,23.0,77.0,,,,,,1.0183794134226427,17:53:47.717584
741,500000,buy,2020-08-10,42.0,56.0,,,,,2.0,1.019105353217683,17:53:48.363376
742,1000000,buy,2020-08-10,50.0,49.0,,,,,1.0,1.0202806861851426,17:53:49.677009
743,1500000,buy,2020-08-10,53.0,47.0,,,,,,1.021610748603903,17:53:50.293758
744,10000,sell,2020-08-10,100.0,,,,,,,1.017780503561173,17:53:51.033521
745,25000,sell,2020-08-10,100.0,,,,,,,1.0177249815374039,17:53:51.748291
746,50000,sell,2020-08-10,100.0,,,,,,,1.0176330337488475,17:53:52.445068
747,100000,sell,2020-08-10,100.0,,,,,,,1.0174513125214317,17:53:53.318791
748,200000,sell,2020-08-10,89.0,11.0,,,,,,1.0171164136278694,17:53:53.953584
749,500000,sell,2020-08-10,69.0,31.0,,,,,,1.0164447466669406,17:53:55.128208
750,1000000,sell,2020-08-10,61.0,38.0,,,,,1.0,1.0155378681622762,17:53:56.029918
751,1500000,sell,2020-08-10,56.0,39.0,,2.0,,,3.0,1.014753048450084,17:53:56.686708
752,10000,buy,2020-08-10,,100.0,,,,,,1.0176075759901717,17:55:23.942495
753,25000,buy,2020-08-10,,100.0,,,,,,1.0176727070347702,17:55:25.290063
754,50000,buy,2020-08-10,,100.0,,,,,,1.0177823317348667,17:55:26.543454
755,100000,buy,2020-08-10,,100.0,,,,,,1.0180056937666901,17:55:27.412819
756,200000,buy,2020-08-10,23.0,77.0,,,,,,1.0183794131402972,17:55:28.109596
757,500000,buy,2020-08-10,42.0,56.0,,,,,2.0,1.019105353000034,17:55:29.343969
758,1000000,buy,2020-08-10,50.0,49.0,,,,,1.0,1.0202806859743907,17:55:30.117604
759,1500000,buy,2020-08-10,53.0,47.0,,,,,,1.0216107485098622,17:55:31.357655
760,10000,sell,2020-08-10,100.0,,,,,,,1.017780503561173,17:55:31.927826
761,25000,sell,2020-08-10,100.0,,,,,,,1.0177249815374039,17:55:32.729472
762,50000,sell,2020-08-10,100.0,,,,,,,1.0176330337488475,17:55:33.926552
763,100000,sell,2020-08-10,100.0,,,,,,,1.0174513125214317,17:55:34.528532
764,200000,sell,2020-08-10,89.0,11.0,,,,,,1.0171164136123414,17:55:35.775282
765,500000,sell,2020-08-10,69.0,31.0,,,,,,1.0164447466256423,17:55:36.721030
766,1000000,sell,2020-08-10,61.0,38.0,,,,,1.0,1.0155378681161682,17:55:37.387793
767,1500000,sell,2020-08-10,56.0,39.0,,2.0,,,3.0,1.0147530484064262,17:55:38.609145
768,10000,buy,2020-08-10,,100.0,,,,,,1.0176075759901717,17:55:39.865311
769,25000,buy,2020-08-10,,100.0,,,,,,1.0176727070347702,17:55:41.157603
770,50000,buy,2020-08-10,,100.0,,,,,,1.0177823317348667,17:55:42.391877
771,100000,buy,2020-08-10,,100.0,,,,,,1.0180056937666901,17:55:43.573896
772,200000,buy,2020-08-10,23.0,77.0,,,,,,1.0183794131402972,17:55:44.448309
773,500000,buy,2020-08-10,42.0,56.0,,,,,2.0,1.0191067194216703,17:55:45.584012
774,1000000,buy,2020-08-10,50.0,49.0,,,,,1.0,1.0202813707615515,17:55:46.400347
775,1500000,buy,2020-08-10,53.0,47.0,,,,,,1.0216107485098622,17:55:47.293906
776,10000,sell,2020-08-10,100.0,,,,,,,1.017780503561173,17:55:48.043072
777,25000,sell,2020-08-10,100.0,,,,,,,1.0177249815374039,17:55:49.485261
778,50000,sell,2020-08-10,100.0,,,,,,,1.0176330337488475,17:55:50.705307
779,100000,sell,2020-08-10,100.0,,,,,,,1.0174513125214317,17:55:51.679550
780,200000,sell,2020-08-10,89.0,11.0,,,,,,1.0171164133173076,17:55:53.385161
781,500000,sell,2020-08-10,69.0,31.0,,,,,,1.0164447458409753,17:55:54.164336
782,1000000,sell,2020-08-10,61.0,38.0,,,,,1.0,1.015537867240118,17:55:54.778236
783,1500000,sell,2020-08-10,56.0,39.0,,2.0,,,3.0,1.0147530475769275,17:55:55.656172
784,10000,buy,2020-08-10,,100.0,,,,,,1.0176075710896912,17:57:22.474395
785,25000,buy,2020-08-10,,100.0,,,,,,1.017672701698261,17:57:23.534536
786,50000,buy,2020-08-10,,100.0,,,,,,1.0177823263395087,17:57:24.735683
787,100000,buy,2020-08-10,17.0,83.0,,,,,,1.0179825404796785,17:57:26.075331
788,200000,buy,2020-08-10,37.0,63.0,,,,,,1.0182442183837885,17:57:26.691653
789,500000,buy,2020-08-10,47.0,51.0,,,,,2.0,1.0188925858803661,17:57:27.461739
790,1000000,buy,2020-08-10,52.0,47.0,,,,,1.0,1.020020826199496,17:57:28.864747
791,1500000,buy,2020-08-10,55.0,45.0,,,,,,1.0213157958278027,17:57:29.440567
792,10000,sell,2020-08-10,100.0,,,,,,,1.0173323750952359,17:57:30.707803
793,25000,sell,2020-08-10,100.0,,,,,,,1.0172784523990568,17:57:31.983483
794,50000,sell,2020-08-10,100.0,,,,,,,1.0171891457207218,17:57:33.304318
795,100000,sell,2020-08-10,94.0,5.0,,,,,1.0,1.0170155107298424,17:57:33.934990
796,200000,sell,2020-08-10,75.0,25.0,,,,,,1.0167627276883702,17:57:35.199332
797,500000,sell,2020-08-10,63.0,37.0,,,,,,1.0161703056644007,17:57:35.935025
798,1000000,sell,2020-08-10,58.0,41.0,,,,,1.0,1.0153033234578905,17:57:36.699912
799,1500000,sell,2020-08-10,54.0,41.0,,2.0,,,3.0,1.0145458503622062,17:57:37.501899
800,10000,buy,2020-08-10,,100.0,,,,,,1.017607569886065,17:57:38.837746
801,25000,buy,2020-08-10,,100.0,,,,,,1.017672700890573,17:57:40.129960
802,50000,buy,2020-08-10,,100.0,,,,,,1.0177823255229141,17:57:41.312472
803,100000,buy,2020-08-10,17.0,83.0,,,,,,1.017982539791874,17:57:42.575487
804,200000,buy,2020-08-10,37.0,63.0,,,,,,1.0182442178515312,17:57:43.377794
805,500000,buy,2020-08-10,47.0,51.0,,,,,2.0,1.0188925854233037,17:57:44.550311
806,1000000,buy,2020-08-10,52.0,47.0,,,,,1.0,1.0200208257325951,17:57:45.155109
807,1500000,buy,2020-08-10,55.0,45.0,,,,,,1.021315795331583,17:57:45.889614
808,10000,sell,2020-08-10,100.0,,,,,,,1.0173323750952359,17:57:47.128292
809,25000,sell,2020-08-10,100.0,,,,,,,1.0172784523990568,17:57:47.826417
810,50000,sell,2020-08-10,100.0,,,,,,,1.0171891457207218,17:57:49.364622
811,100000,sell,2020-08-10,94.0,5.0,,,,,1.0,1.0170155107298424,17:57:50.655392
812,200000,sell,2020-08-10,75.0,25.0,,,,,,1.0167627276883702,17:57:51.309438
813,500000,sell,2020-08-10,63.0,37.0,,,,,,1.0161703056644007,17:57:52.499449
814,1000000,sell,2020-08-10,58.0,41.0,,,,,1.0,1.0153033234578905,17:57:53.984800
815,1500000,sell,2020-08-10,54.0,41.0,,2.0,,,3.0,1.0145458503622062,17:57:54.547523
816,10000,buy,2020-08-10,,100.0,,,,,,1.0176075679086793,17:59:20.941890
817,25000,buy,2020-08-10,,100.0,,,,,,1.0176726989002007,17:59:21.524516
818,50000,buy,2020-08-10,,100.0,,,,,,1.0177823235105927,17:59:22.752595
819,100000,buy,2020-08-10,17.0,83.0,,,,,,1.0179825380969278,17:59:24.087617
820,200000,buy,2020-08-10,37.0,63.0,,,,,,1.018244216539897,17:59:24.728659
821,500000,buy,2020-08-10,47.0,51.0,,,,,2.0,1.0188925836766731,17:59:25.958688
822,1000000,buy,2020-08-10,52.0,47.0,,,,,1.0,1.0200208239483661,17:59:26.686398
823,1500000,buy,2020-08-10,55.0,45.0,,,,,,1.0213157934353154,17:59:27.944344
824,10000,sell,2020-08-10,100.0,,,,,,,1.0173323750952359,17:59:28.677073
825,25000,sell,2020-08-10,100.0,,,,,,,1.0172784523990568,17:59:29.403908
826,50000,sell,2020-08-10,100.0,,,,,,,1.0171891457207218,17:59:30.881591
827,100000,sell,2020-08-10,94.0,5.0,,,,,1.0,1.0170155105776506,17:59:32.216218
828,200000,sell,2020-08-10,75.0,25.0,,,,,,1.016762726942425,17:59:32.833386
829,500000,sell,2020-08-10,63.0,37.0,,,,,,1.0161703044769632,17:59:34.643729
830,1000000,sell,2020-08-10,58.0,41.0,,,,,1.0,1.0153033222585828,17:59:35.511590
831,1500000,sell,2020-08-10,54.0,41.0,,2.0,,,3.0,1.0145458492550818,17:59:36.687726
832,10000,buy,2020-08-10,,100.0,,,,,,1.0176075663898208,17:59:37.568919
833,25000,buy,2020-08-10,,100.0,,,,,,1.0176726973713668,17:59:38.869236
834,50000,buy,2020-08-10,,100.0,,,,,,1.0177823219648996,17:59:40.148345
835,100000,buy,2020-08-10,17.0,83.0,,,,,,1.0179825367950148,17:59:41.349663
836,200000,buy,2020-08-10,37.0,63.0,,,,,,1.018244215532412,17:59:42.626879
837,500000,buy,2020-08-10,47.0,51.0,,,,,2.0,1.0188925834318197,17:59:43.344900
838,1000000,buy,2020-08-10,52.0,47.0,,,,,1.0,1.020020823698242,17:59:44.129540
839,1500000,buy,2020-08-10,55.0,45.0,,,,,,1.0213157931694852,17:59:44.877082
840,10000,sell,2020-08-10,100.0,,,,,,,1.0173323750952359,17:59:45.687339
841,25000,sell,2020-08-10,100.0,,,,,,,1.0172784523990568,17:59:46.442677
842,50000,sell,2020-08-10,100.0,,,,,,,1.0171891457207218,17:59:47.769735
843,100000,sell,2020-08-10,94.0,5.0,,,,,1.0,1.0170155105563154,17:59:48.584721
844,200000,sell,2020-08-10,75.0,25.0,,,,,,1.016762726837854,17:59:49.908873
845,500000,sell,2020-08-10,63.0,37.0,,,,,,1.0161703044769632,17:59:51.052688
846,1000000,sell,2020-08-10,58.0,41.0,,,,,1.0,1.0153033222585828,17:59:51.876709
847,1500000,sell,2020-08-10,55.0,41.0,,2.0,,,2.0,1.0145438537843354,17:59:53.514031
848,10000,buy,2020-08-10,,100.0,,,,,,1.0176075660459305,18:01:29.731937
849,25000,buy,2020-08-10,,100.0,,,,,,1.0176726970252177,18:01:31.086062
850,50000,buy,2020-08-10,,100.0,,,,,,1.0177823216149333,18:01:31.867609
851,100000,buy,2020-08-10,17.0,83.0,,,,,,1.017982536500244,18:01:32.544052
852,200000,buy,2020-08-10,37.0,63.0,,,,,,1.0182442153043034,18:01:33.642150
853,500000,buy,2020-08-10,47.0,51.0,,,,,2.0,1.018894064841687,18:01:35.013192
854,1000000,buy,2020-08-10,52.0,47.0,,,,,1.0,1.0200215659419989,18:01:36.292172
855,1500000,buy,2020-08-10,55.0,45.0,,,,,,1.021315792956821,18:01:37.539057
856,10000,sell,2020-08-10,100.0,,,,,,,1.0173323750952359,18:01:38.774838
857,25000,sell,2020-08-10,100.0,,,,,,,1.0172784523990568,18:01:39.915556
858,50000,sell,2020-08-10,100.0,,,,,,,1.0171891457207218,18:01:40.689271
859,100000,sell,2020-08-10,94.0,6.0,,,,,,1.0170150944678014,18:01:41.423306
860,200000,sell,2020-08-10,75.0,25.0,,,,,,1.0167627267541972,18:01:42.123290
861,500000,sell,2020-08-10,63.0,37.0,,,,,,1.0161703034841956,18:01:42.974815
862,1000000,sell,2020-08-10,58.0,41.0,,,,,1.0,1.015298267215891,18:01:44.265341
863,1500000,sell,2020-08-10,55.0,41.0,,2.0,,,2.0,1.0145394878587146,18:01:45.375625
864,10000,buy,2020-08-10,,100.0,,,,,,1.0176075634667539,18:01:46.287043
865,25000,buy,2020-08-10,,100.0,,,,,,1.0176726944291017,18:01:46.882997
866,50000,buy,2020-08-10,,100.0,,,,,,1.0177823189901882,18:01:48.193736
867,100000,buy,2020-08-10,17.0,83.0,,,,,,1.017982534289463,18:01:49.480472
868,200000,buy,2020-08-10,37.0,63.0,,,,,,1.0182442135934908,18:01:50.782772
869,500000,buy,2020-08-10,47.0,51.0,,,,,2.0,1.018894063372566,18:01:51.518478
870,1000000,buy,2020-08-10,52.0,47.0,,,,,1.0,1.0200215644412551,18:01:52.192405
871,1500000,buy,2020-08-10,55.0,45.0,,,,,,1.0213157913618416,18:01:53.538721
872,10000,sell,2020-08-10,100.0,,,,,,,1.0173323750952359,18:01:54.802658
873,25000,sell,2020-08-10,100.0,,,,,,,1.0172784523990568,18:01:56.088701
874,50000,sell,2020-08-10,100.0,,,,,,,1.0171891457207218,18:01:57.308039
875,100000,sell,2020-08-10,94.0,6.0,,,,,,1.0170150943142569,18:01:57.958017
876,200000,sell,2020-08-10,75.0,25.0,,,,,,1.016762726126772,18:01:58.927142
877,500000,sell,2020-08-10,63.0,37.0,,,,,,1.0161703034841956,18:02:00.287234
878,1000000,sell,2020-08-10,58.0,41.0,,,,,1.0,1.0152975359658911,18:02:01.550020
879,1500000,sell,2020-08-10,55.0,41.0,,2.0,,,2.0,1.0145372480253814,18:02:02.793281
880,10000,buy,2020-08-10,,100.0,,,,,,1.0176075604290578,18:03:26.463646
881,25000,buy,2020-08-10,,100.0,,,,,,1.0176726913714549,18:03:27.278384
882,50000,buy,2020-08-10,,100.0,,,,,,1.0177823158988226,18:03:28.399070
883,100000,buy,2020-08-10,16.0,84.0,,,,,,1.0179846877085328,18:03:28.919903
884,200000,buy,2020-08-10,36.0,64.0,,,,,,1.018248960183824,18:03:29.522711
885,500000,buy,2020-08-10,47.0,51.0,,,,,2.0,1.0188988320752936,18:03:31.099206
886,1000000,buy,2020-08-10,52.0,47.0,,,,,1.0,1.0200278690821016,18:03:32.323813
887,1500000,buy,2020-08-10,54.0,46.0,,,,,,1.0213233336553713,18:03:33.516432
888,10000,sell,2020-08-10,100.0,,,,,,,1.017345485611346,18:03:34.760033
889,25000,sell,2020-08-10,100.0,,,,,,,1.017291551678402,18:03:35.886689
890,50000,sell,2020-08-10,100.0,,,,,,,1.0172022265329956,18:03:36.753394
891,100000,sell,2020-08-10,95.0,4.0,,,,,1.0,1.0170277970505313,18:03:38.031982
892,200000,sell,2020-08-10,75.0,25.0,,,,,,1.0167724829988798,18:03:39.202608
893,500000,sell,2020-08-10,63.0,37.0,,,,,,1.016178432207026,18:03:39.933374
894,1000000,sell,2020-08-10,58.0,41.0,,,,,1.0,1.0153133661089246,18:03:41.201967
895,1500000,sell,2020-08-10,55.0,41.0,,2.0,,,2.0,1.0145525067289496,18:03:42.555531
896,10000,buy,2020-08-10,,100.0,,,,,,1.0176075604290578,18:03:43.702164
897,25000,buy,2020-08-10,,100.0,,,,,,1.0176726913714549,18:03:44.409938
898,50000,buy,2020-08-10,,100.0,,,,,,1.0177823152280552,18:03:45.177692
899,100000,buy,2020-08-10,16.0,84.0,,,,,,1.017984687136498,18:03:46.449284
900,200000,buy,2020-08-10,36.0,64.0,,,,,,1.0182489591980997,18:03:47.747867
901,500000,buy,2020-08-10,47.0,51.0,,,,,2.0,1.0188988312427845,18:03:48.371666
902,1000000,buy,2020-08-10,52.0,47.0,,,,,1.0,1.0200278682316701,18:03:49.552288
903,1500000,buy,2020-08-10,54.0,46.0,,,,,,1.0213233327243199,18:03:50.256064
904,10000,sell,2020-08-10,100.0,,,,,,,1.017345485611346,18:03:50.871866
905,25000,sell,2020-08-10,100.0,,,,,,,1.017291551678402,18:03:51.483670
906,50000,sell,2020-08-10,100.0,,,,,,,1.0172022265329956,18:03:52.784252
907,100000,sell,2020-08-10,95.0,4.0,,,,,1.0,1.017027796992474,18:03:54.153813
908,200000,sell,2020-08-10,75.0,25.0,,,,,,1.016772482643339,18:03:54.845591
909,500000,sell,2020-08-10,63.0,37.0,,,,,,1.0161784317106426,18:03:55.685321
910,1000000,sell,2020-08-10,58.0,41.0,,,,,1.0,1.0153115680875793,18:03:56.827956
911,1500000,sell,2020-08-10,55.0,41.0,,2.0,,,2.0,1.0145525062661398,18:03:58.612384
912,10000,buy,2020-08-10,100.0,,,,,,,1.0182315841422336,18:05:25.787002
913,25000,buy,2020-08-10,100.0,,,,,,,1.0182851977207017,18:05:26.441085
914,50000,buy,2020-08-10,88.0,12.0,,,,,,1.0183693282493402,18:05:27.732639
915,100000,buy,2020-08-10,72.0,28.0,,,,,,1.0184922559773548,18:05:28.843529
916,200000,buy,2020-08-10,64.0,36.0,,,,,,1.0187096989927045,18:05:29.393753
917,500000,buy,2020-08-10,59.0,39.0,,,,,2.0,1.0193400395004002,18:05:30.507608
918,1000000,buy,2020-08-10,58.0,41.0,,,,,1.0,1.0204959557008695,18:05:31.138772
919,1500000,buy,2020-08-10,58.0,42.0,,,,,,1.0218321896980676,18:05:32.516978
920,10000,sell,2020-08-10,,100.0,,,,,,1.0175961601810168,18:05:33.722775
921,25000,sell,2020-08-10,,100.0,,,,,,1.017526026543918,18:05:34.954555
922,50000,sell,2020-08-10,25.0,75.0,,,,,,1.017435115439717,18:05:36.040649
923,100000,sell,2020-08-10,40.0,60.0,,,,,,1.0173138303795017,18:05:37.368804
924,200000,sell,2020-08-10,48.0,52.0,,,,,,1.0171050657947924,18:05:38.636380
925,500000,sell,2020-08-10,53.0,47.0,,,,,,1.0165259416096657,18:05:39.374845
926,1000000,sell,2020-08-10,53.0,46.0,,,,,1.0,1.0156441014921345,18:05:40.684616
927,1500000,sell,2020-08-10,51.0,45.0,,2.0,,,2.0,1.0148589112384212,18:05:41.937125
928,10000,buy,2020-08-10,100.0,,,,,,,1.0182315841422336,18:05:42.912500
929,25000,buy,2020-08-10,100.0,,,,,,,1.0182851977207017,18:05:44.220174
930,50000,buy,2020-08-10,88.0,12.0,,,,,,1.0183693282493402,18:05:45.563488
931,100000,buy,2020-08-10,72.0,28.0,,,,,,1.0184922559773548,18:05:46.427691
932,200000,buy,2020-08-10,64.0,36.0,,,,,,1.0187096989927045,18:05:47.646032
933,500000,buy,2020-08-10,59.0,39.0,,,,,2.0,1.0193400395004002,18:05:48.545446
934,1000000,buy,2020-08-10,58.0,41.0,,,,,1.0,1.0204959557008695,18:05:49.243314
935,1500000,buy,2020-08-10,59.0,41.0,,,,,,1.0217994961231753,18:05:49.926217
936,10000,sell,2020-08-10,,100.0,,,,,,1.0175961600262675,18:05:51.186073
937,25000,sell,2020-08-10,,100.0,,,,,,1.017526025068384,18:05:52.224942
938,50000,sell,2020-08-10,19.0,81.0,,,,,,1.0174252883684936,18:05:54.081026
939,100000,sell,2020-08-10,38.0,62.0,,,,,,1.0172964525666692,18:05:54.639352
940,200000,sell,2020-08-10,47.0,53.0,,,,,,1.0170841860013529,18:05:55.502576
941,500000,sell,2020-08-10,52.0,48.0,,,,,,1.0165038778669988,18:05:56.143857
942,1000000,sell,2020-08-10,53.0,46.0,,,,,1.0,1.0156229166321329,18:05:57.259705
943,1500000,sell,2020-08-10,51.0,45.0,,2.0,,,2.0,1.0148394919817438,18:05:58.518026
944,10000,buy,2020-08-10,100.0,,,,,,,1.018186427709715,18:07:25.733252
945,25000,buy,2020-08-10,100.0,,,,,,,1.0182398846867011,18:07:26.567755
946,50000,buy,2020-08-10,94.0,6.0,,,,,,1.018327912191432,18:07:27.229787
947,100000,buy,2020-08-10,75.0,25.0,,,,,,1.0184585141371176,18:07:28.420454
948,200000,buy,2020-08-10,66.0,34.0,,,,,,1.0186795121470344,18:07:29.709025
949,500000,buy,2020-08-10,59.0,39.0,,,,,2.0,1.019308731649842,18:07:30.758720
950,1000000,buy,2020-08-10,58.0,41.0,,,,,1.0,1.0204644380046264,18:07:31.499288
951,1500000,buy,2020-08-10,59.0,41.0,,,,,,1.0217994938579318,18:07:32.675424
952,10000,sell,2020-08-10,,100.0,,,,,,1.0175961559408946,18:07:33.975029
953,25000,sell,2020-08-10,,100.0,,,,,,1.0175260223324987,18:07:34.691764
954,50000,sell,2020-08-10,19.0,81.0,,,,,,1.0174252861678588,18:07:35.610709
955,100000,sell,2020-08-10,38.0,62.0,,,,,,1.0172964510108655,18:07:36.602368
956,200000,sell,2020-08-10,47.0,53.0,,,,,,1.017084184697144,18:07:37.953997
957,500000,sell,2020-08-10,52.0,48.0,,,,,,1.0165038767525005,18:07:39.234934
958,1000000,sell,2020-08-10,53.0,46.0,,,,,1.0,1.015622915656945,18:07:40.532161
959,1500000,sell,2020-08-10,51.0,45.0,,2.0,,,2.0,1.0148394909884313,18:07:41.753231
960,10000,buy,2020-08-10,100.0,,,,,,,1.018186427709715,18:07:43.034318
961,25000,buy,2020-08-10,100.0,,,,,,,1.0182398846867011,18:07:44.411193
962,50000,buy,2020-08-10,94.0,6.0,,,,,,1.0183279121708741,18:07:45.138275
963,100000,buy,2020-08-10,75.0,25.0,,,,,,1.0184585140506144,18:07:45.834311
964,200000,buy,2020-08-10,66.0,34.0,,,,,,1.018679512027098,18:07:47.000952
965,500000,buy,2020-08-10,59.0,39.0,,,,,2.0,1.0193087315040215,18:07:47.619869
966,1000000,buy,2020-08-10,58.0,41.0,,,,,1.0,1.0204644378346428,18:07:48.434148
967,1500000,buy,2020-08-10,59.0,41.0,,,,,,1.0217994936691615,18:07:49.779409
968,10000,sell,2020-08-10,,100.0,,,,,,1.0175961556004471,18:07:51.085697
969,25000,sell,2020-08-10,,100.0,,,,,,1.0175260219943554,18:07:52.248257
970,50000,sell,2020-08-10,19.0,81.0,,,,,,1.0174252854507981,18:07:53.993030
971,100000,sell,2020-08-10,38.0,62.0,,,,,,1.0172964504672715,18:07:55.180978
972,200000,sell,2020-08-10,47.0,53.0,,,,,,1.0170841842414564,18:07:55.942793
973,500000,sell,2020-08-10,52.0,48.0,,,,,,1.0165038763630976,18:07:57.119870
974,1000000,sell,2020-08-10,53.0,46.0,,,,,1.0,1.0156229153162166,18:07:58.011032
975,1500000,sell,2020-08-10,51.0,45.0,,2.0,,,2.0,1.0148394907982226,18:07:58.866243
976,10000,buy,2020-08-10,100.0,,,,,,,1.018160387201446,18:09:21.674874
977,25000,buy,2020-08-10,100.0,,,,,,,1.0182137463691239,18:09:22.611800
978,50000,buy,2020-08-10,97.0,3.0,,,,,,1.0183027928348083,18:09:23.829800
979,100000,buy,2020-08-10,77.0,23.0,,,,,,1.0184380716469206,18:09:24.984930
980,200000,buy,2020-08-10,66.0,34.0,,,,,,1.0186612085347218,18:09:25.954103
981,500000,buy,2020-08-10,59.0,39.0,,,,,2.0,1.0192915168745587,18:09:27.235551
982,1000000,buy,2020-08-10,58.0,40.0,,,,1.0,1.0,1.0204397512519616,18:09:28.493432
983,1500000,buy,2020-08-10,58.0,41.0,,,,1.0,,1.0217574937551728,18:09:29.873851
984,10000,sell,2020-08-10,,100.0,,,,,,1.017594491422778,18:09:30.716398
985,25000,sell,2020-08-10,,100.0,,,,,,1.017524364303209,18:09:31.437030
986,50000,sell,2020-08-10,16.0,84.0,,,,,,1.0174193507466411,18:09:32.910882
987,100000,sell,2020-08-10,36.0,64.0,,,,,,1.0172859593331265,18:09:34.192961
988,200000,sell,2020-08-10,46.0,54.0,,,,,,1.0170715802097001,18:09:34.958685
989,500000,sell,2020-08-10,52.0,48.0,,,,,,1.0164904779779986,18:09:36.306012
990,1000000,sell,2020-08-10,53.0,46.0,,,,,1.0,1.015610145860781,18:09:37.595207
991,1500000,sell,2020-08-10,51.0,45.0,,2.0,,,2.0,1.0148252897646357,18:09:38.662174
992,10000,buy,2020-08-10,100.0,,,,,,,1.018160387201446,18:09:39.998002
993,25000,buy,2020-08-10,100.0,,,,,,,1.0182137463691239,18:09:40.669334
994,50000,buy,2020-08-10,97.0,3.0,,,,,,1.018302792805865,18:09:42.056991
995,100000,buy,2020-08-10,77.0,23.0,,,,,,1.0184380714228773,18:09:43.363273
996,200000,buy,2020-08-10,66.0,34.0,,,,,,1.0186612081967785,18:09:44.618238
997,500000,buy,2020-08-10,59.0,39.0,,,,,2.0,1.0192915164636809,18:09:45.226027
998,1000000,buy,2020-08-10,58.0,41.0,,,,,1.0,1.0204461232629027,18:09:45.888804
999,1500000,buy,2020-08-10,59.0,41.0,,,,,,1.0217792020803302,18:09:47.067850
1000,10000,sell,2020-08-10,,100.0,,,,,,1.0175944908657628,18:09:47.781319
1001,25000,sell,2020-08-10,,100.0,,,,,,1.0175243637499642,18:09:48.822240
1002,50000,sell,2020-08-10,16.0,84.0,,,,,,1.0174193502854632,18:09:50.097338
1003,100000,sell,2020-08-10,36.0,64.0,,,,,,1.0172859592944683,18:09:50.686649
1004,200000,sell,2020-08-10,46.0,54.0,,,,,,1.0170715801777133,18:09:51.430601
1005,500000,sell,2020-08-10,52.0,48.0,,,,,,1.0164904779511474,18:09:52.691826
1006,1000000,sell,2020-08-10,53.0,46.0,,,,,1.0,1.015610145860781,18:09:53.940622
1007,1500000,sell,2020-08-10,51.0,45.0,,2.0,,,2.0,1.0148252897646357,18:09:55.167096
1008,10000,buy,2020-08-10,100.0,,,,,,,1.018160387201446,18:11:24.083202
1009,25000,buy,2020-08-10,100.0,,,,,,,1.0182137463691239,18:11:25.352462
1010,50000,buy,2020-08-10,97.0,3.0,,,,,,1.0183027927199682,18:11:26.517434
1011,100000,buy,2020-08-10,77.0,23.0,,,,,,1.018438070757975,18:11:27.827880
1012,200000,buy,2020-08-10,66.0,34.0,,,,,,1.0186612071938503,18:11:28.426045
1013,500000,buy,2020-08-10,59.0,39.0,,,,,2.0,1.0192915152443023,18:11:29.587877
1014,1000000,buy,2020-08-10,58.0,41.0,,,,,1.0,1.020446121841466,18:11:30.844799
1015,1500000,buy,2020-08-10,59.0,41.0,,,,,,1.0217792005017985,18:11:31.828998
1016,10000,sell,2020-08-10,,100.0,,,,,,1.017594488018795,18:11:33.075743
1017,25000,sell,2020-08-10,,100.0,,,,,,1.017524360922269,18:11:33.840116
1018,50000,sell,2020-08-10,16.0,84.0,,,,,,1.0174193479283316,18:11:34.463675
1019,100000,sell,2020-08-10,36.0,64.0,,,,,,1.0172859575161832,18:11:35.685521
1020,200000,sell,2020-08-10,46.0,54.0,,,,,,1.0170715787063231,18:11:36.336276
1021,500000,sell,2020-08-10,52.0,48.0,,,,,,1.016490476715982,18:11:37.131251
1022,1000000,sell,2020-08-10,53.0,46.0,,,,,1.0,1.015606130280011,18:11:37.767754
1023,1500000,sell,2020-08-10,51.0,45.0,,2.0,,,2.0,1.0148191077926048,18:11:38.950549
1024,10000,buy,2020-08-10,100.0,,,,,,,1.018160387201446,18:11:40.258564
1025,25000,buy,2020-08-10,100.0,,,,,,,1.0182137463691239,18:11:41.444743
1026,50000,buy,2020-08-10,97.0,3.0,,,,,,1.0183027927199682,18:11:42.112365
1027,100000,buy,2020-08-10,77.0,23.0,,,,,,1.018438070757975,18:11:43.529602
1028,200000,buy,2020-08-10,66.0,34.0,,,,,,1.0186612071938503,18:11:44.714267
1029,500000,buy,2020-08-10,59.0,39.0,,,,,2.0,1.0192915152443023,18:11:45.487569
1030,1000000,buy,2020-08-10,58.0,41.0,,,,,1.0,1.020446121841466,18:11:46.417544
1031,1500000,buy,2020-08-10,59.0,41.0,,,,,,1.0217792005017985,18:11:47.456012
1032,10000,sell,2020-08-10,,100.0,,,,,,1.017594488018795,18:11:48.635116
1033,25000,sell,2020-08-10,,100.0,,,,,,1.017524360922269,18:11:49.781900
1034,50000,sell,2020-08-10,16.0,84.0,,,,,,1.0174193479283316,18:11:50.420419
1035,100000,sell,2020-08-10,36.0,64.0,,,,,,1.0172859567623445,18:11:51.796281
1036,200000,sell,2020-08-10,46.0,54.0,,,,,,1.0170715780825812,18:11:52.381550
1037,500000,sell,2020-08-10,52.0,48.0,,,,,,1.0164904761923785,18:11:53.400663
1038,1000000,sell,2020-08-10,53.0,46.0,,,,,1.0,1.0156080660718583,18:11:54.100064
1039,1500000,sell,2020-08-10,51.0,45.0,,2.0,,,2.0,1.0148221505472144,18:11:55.534721
1040,10000,buy,2020-08-10,100.0,,,,,,,1.018160387201446,18:13:24.165390
1041,25000,buy,2020-08-10,100.0,,,,,,,1.0182137463691239,18:13:25.278032
1042,50000,buy,2020-08-10,97.0,3.0,,,,,,1.0183027926200665,18:13:26.137757
1043,100000,buy,2020-08-10,77.0,23.0,,,,,,1.018438069984664,18:13:26.815540
1044,200000,buy,2020-08-10,66.0,34.0,,,,,,1.0186612060274003,18:13:27.992162
1045,500000,buy,2020-08-10,59.0,39.0,,,,,2.0,1.0192915138261107,18:13:29.290746
1046,1000000,buy,2020-08-10,58.0,41.0,,,,,1.0,1.020446120188272,18:13:30.684302
1047,1500000,buy,2020-08-10,59.0,41.0,,,,,,1.021779198665896,18:13:31.555022
1048,10000,sell,2020-08-10,,100.0,,,,,,1.0175944847076452,18:13:32.449734
1049,25000,sell,2020-08-10,,100.0,,,,,,1.0175243576335338,18:13:33.665345
1050,50000,sell,2020-08-10,16.0,84.0,,,,,,1.0174193451868827,18:13:34.566055
1051,100000,sell,2020-08-10,36.0,64.0,,,,,,1.017285955447959,18:13:35.866637
1052,200000,sell,2020-08-10,46.0,54.0,,,,,,1.0170715766751635,18:13:36.871315
1053,500000,sell,2020-08-10,52.0,48.0,,,,,,1.0164904750109152,18:13:38.139910
1054,1000000,sell,2020-08-10,53.0,46.0,,,,,1.0,1.0156099987880776,18:13:39.384510
1055,1500000,sell,2020-08-10,51.0,45.0,,2.0,,,2.0,1.0148251911174448,18:13:40.122273
1056,10000,buy,2020-08-10,100.0,,,,,,,1.018160387201446,18:13:40.927017
1057,25000,buy,2020-08-10,100.0,,,,,,,1.0182137463691239,18:13:41.944690
1058,50000,buy,2020-08-10,97.0,3.0,,,,,,1.0183027926013932,18:13:42.732438
1059,100000,buy,2020-08-10,77.0,23.0,,,,,,1.01843806984012,18:13:43.395224
1060,200000,buy,2020-08-10,66.0,34.0,,,,,,1.0186612058093725,18:13:44.617832
1061,500000,buy,2020-08-10,59.0,39.0,,,,,2.0,1.0192915135610283,18:13:45.812449
1062,1000000,buy,2020-08-10,58.0,41.0,,,,,1.0,1.020446119879264,18:13:47.318965
1063,1500000,buy,2020-08-10,59.0,41.0,,,,,,1.021779198322737,18:13:48.282657
1064,10000,sell,2020-08-10,,100.0,,,,,,1.017594484088739,18:13:49.512262
1065,25000,sell,2020-08-10,,100.0,,,,,,1.017524357018817,18:13:50.666894
1066,50000,sell,2020-08-10,16.0,84.0,,,,,,1.0174193440595583,18:13:52.024457
1067,100000,sell,2020-08-10,36.0,64.0,,,,,,1.0172859545974746,18:13:53.432007
1068,200000,sell,2020-08-10,46.0,54.0,,,,,,1.0170715762913225,18:13:54.010820
1069,500000,sell,2020-08-10,52.0,48.0,,,,,,1.016490474688698,18:13:55.156453
1070,1000000,sell,2020-08-10,53.0,46.0,,,,,1.0,1.0156099985061375,18:13:55.728271
1071,1500000,sell,2020-08-10,51.0,45.0,,2.0,,,2.0,1.0148251908638715,18:13:57.054845
1072,10000,buy,2020-08-10,100.0,,,,,,,1.018160387201446,18:15:23.895771
1073,25000,buy,2020-08-10,100.0,,,,,,,1.0182137463691239,18:15:25.361608
1074,50000,buy,2020-08-10,97.0,3.0,,,,,,1.01830279251643,18:15:26.511640
1075,100000,buy,2020-08-10,77.0,23.0,,,,,,1.0184380691824446,18:15:27.763481
1076,200000,buy,2020-08-10,66.0,34.0,,,,,,1.0186612048173451,18:15:28.627121
1077,500000,buy,2020-08-10,59.0,39.0,,,,,2.0,1.0192943079167964,18:15:29.675744
1078,1000000,buy,2020-08-10,58.0,41.0,,,,,1.0,1.0204475194207812,18:15:30.420371
1079,1500000,buy,2020-08-10,59.0,41.0,,,,,,1.0217791967613628,18:15:31.473149
1080,10000,sell,2020-08-10,,100.0,,,,,,1.0175944812727158,18:15:32.621739
1081,25000,sell,2020-08-10,,100.0,,,,,,1.0175243542218566,18:15:33.910047
1082,50000,sell,2020-08-10,16.0,84.0,,,,,,1.017419342342951,18:15:35.194023
1083,100000,sell,2020-08-10,36.0,64.0,,,,,,1.017285953302419,18:15:36.545581
1084,200000,sell,2020-08-10,46.0,54.0,,,,,,1.0170715752197663,18:15:37.923408
1085,500000,sell,2020-08-10,52.0,48.0,,,,,,1.0164904737891751,18:15:39.051010
1086,1000000,sell,2020-08-10,53.0,46.0,,,,,1.0,1.015609997719055,18:15:39.667694
1087,1500000,sell,2020-08-10,51.0,45.0,,2.0,,,2.0,1.014825190155979,18:15:40.411147
1088,10000,buy,2020-08-10,100.0,,,,,,,1.018160387201446,18:15:41.851393
1089,25000,buy,2020-08-10,100.0,,,,,,,1.0182137463691239,18:15:43.029924
1090,50000,buy,2020-08-10,97.0,3.0,,,,,,1.01830279251643,18:15:44.148586
1091,100000,buy,2020-08-10,77.0,23.0,,,,,,1.0184380691824446,18:15:44.891001
1092,200000,buy,2020-08-10,66.0,34.0,,,,,,1.0186612048173451,18:15:45.504377
1093,500000,buy,2020-08-10,59.0,39.0,,,,,2.0,1.019292648674229,18:15:46.626838
1094,1000000,buy,2020-08-10,58.0,41.0,,,,,1.0,1.0204466879205218,18:15:47.859000
1095,1500000,buy,2020-08-10,59.0,41.0,,,,,,1.0217791960407285,18:15:49.007954
1096,10000,sell,2020-08-10,,100.0,,,,,,1.0175944799730128,18:15:49.615179
1097,25000,sell,2020-08-10,,100.0,,,,,,1.017524352930952,18:15:50.365768
1098,50000,sell,2020-08-10,16.0,84.0,,,,,,1.017419341266869,18:15:51.037556
1099,100000,sell,2020-08-10,36.0,64.0,,,,,,1.017285952490593,18:15:51.904252
1100,200000,sell,2020-08-10,46.0,54.0,,,,,,1.0170715745480445,18:15:53.336322
1101,500000,sell,2020-08-10,52.0,48.0,,,,,,1.016490473225295,18:15:53.875800
1102,1000000,sell,2020-08-10,53.0,46.0,,,,,1.0,1.0156055819356598,18:15:54.688593
1103,1500000,sell,2020-08-10,51.0,45.0,,2.0,,,2.0,1.0148208443188922,18:15:55.892509
1104,10000,buy,2020-08-10,100.0,,,,,,,1.018160387201446,18:17:17.167200
1105,25000,buy,2020-08-10,100.0,,,,,,,1.0182137463691239,18:17:18.472299
1106,50000,buy,2020-08-10,97.0,3.0,,,,,,1.018302792412794,18:17:19.929020
1107,100000,buy,2020-08-10,77.0,23.0,,,,,,1.0184380683802254,18:17:21.209818
1108,200000,buy,2020-08-10,66.0,34.0,,,,,,1.0186612036072904,18:17:21.970069
1109,500000,buy,2020-08-10,59.0,39.0,,,,,2.0,1.0192943669336707,18:17:23.177139
1110,1000000,buy,2020-08-10,58.0,41.0,,,,,1.0,1.0204475480183,18:17:23.983493
1111,1500000,buy,2020-08-10,59.0,41.0,,,,,,1.02177919485683,18:17:25.180047
1112,10000,sell,2020-08-10,,100.0,,,,,,1.0175944778377872,18:17:26.057041
1113,25000,sell,2020-08-10,,100.0,,,,,,1.0175232894391661,18:17:26.935973
1114,50000,sell,2020-08-10,16.0,84.0,,,,,,1.0174184518664218,18:17:28.211186
1115,100000,sell,2020-08-10,36.0,64.0,,,,,,1.0172852786911464,18:17:29.532831
1116,200000,sell,2020-08-10,46.0,54.0,,,,,,1.0170710124001778,18:17:30.752870
1117,500000,sell,2020-08-10,52.0,48.0,,,,,,1.0164899897960633,18:17:32.240392
1118,1000000,sell,2020-08-10,53.0,46.0,,,,,1.0,1.0156051424987307,18:17:32.808190
1119,1500000,sell,2020-08-10,51.0,45.0,,2.0,,,2.0,1.014820037206898,18:17:33.373099
1120,10000,buy,2020-08-10,100.0,,,,,,,1.018160387201446,18:17:34.126519
1121,25000,buy,2020-08-10,100.0,,,,,,,1.0182137463691239,18:17:35.525458
1122,50000,buy,2020-08-10,97.0,3.0,,,,,,1.0183027603358668,18:17:36.350106
1123,100000,buy,2020-08-10,76.0,24.0,,,,,,1.018437810872002,18:17:37.240265
1124,200000,buy,2020-08-10,66.0,34.0,,,,,,1.0186608338385665,18:17:38.497585
1125,500000,buy,2020-08-10,59.0,39.0,,,,,2.0,1.019292208814529,18:17:39.760038
1126,1000000,buy,2020-08-10,58.0,41.0,,,,,1.0,1.0204461977057468,18:17:40.931492
1127,1500000,buy,2020-08-10,59.0,41.0,,,,,,1.0217786768364987,18:17:42.175392
1128,10000,sell,2020-08-10,,100.0,,,,,,1.01759341231609,18:17:42.809021
1129,25000,sell,2020-08-10,,100.0,,,,,,1.0175232894391661,18:17:43.539608
1130,50000,sell,2020-08-10,16.0,84.0,,,,,,1.0174184518664218,18:17:44.822933
1131,100000,sell,2020-08-10,36.0,64.0,,,,,,1.0172852786911464,18:17:46.014984
1132,200000,sell,2020-08-10,45.0,55.0,,,,,,1.0170591403141784,18:17:46.705196
1133,500000,sell,2020-08-10,51.0,49.0,,,,,,1.0164766917660981,18:17:48.000658
1134,1000000,sell,2020-08-10,52.0,47.0,,,,,1.0,1.015596120826629,18:17:48.567550
1135,1500000,sell,2020-08-10,51.0,45.0,,2.0,,,2.0,1.0148118730645037,18:17:49.302930
1136,10000,buy,2020-08-10,100.0,,,,,,,1.018134185159996,18:19:13.245008
1137,25000,buy,2020-08-10,100.0,,,,,,,1.0181875234804,18:19:14.595450
1138,50000,buy,2020-08-10,100.0,,,,,,,1.0182769653159356,18:19:15.217027
1139,100000,buy,2020-08-10,78.0,22.0,,,,,,1.0184174842225415,18:19:16.563011
1140,200000,buy,2020-08-10,67.0,33.0,,,,,,1.0186431880194646,18:19:17.712003
1141,500000,buy,2020-08-10,60.0,38.0,,,,,2.0,1.0192762713160952,18:19:18.878093
1142,1000000,buy,2020-08-10,58.0,41.0,,,,,1.0,1.0204304452804993,18:19:19.651319
1143,1500000,buy,2020-08-10,58.0,41.0,,,,1.0,,1.0217535112313216,18:19:20.842333
1144,10000,sell,2020-08-10,,100.0,,,,,,1.0175934095311463,18:19:21.976483
1145,25000,sell,2020-08-10,,100.0,,,,,,1.0175232866730748,18:19:23.265286
1146,50000,sell,2020-08-10,13.0,87.0,,,,,,1.0174146052163373,18:19:24.341916
1147,100000,sell,2020-08-10,35.0,65.0,,,,,,1.017276032135027,18:19:25.477874
1148,200000,sell,2020-08-10,45.0,55.0,,,,,,1.0170591388494827,18:19:26.477163
1149,500000,sell,2020-08-10,51.0,49.0,,,,,,1.0164766906720466,18:19:28.145159
1150,1000000,sell,2020-08-10,52.0,47.0,,,,,1.0,1.0155943223502883,18:19:28.776392
1151,1500000,sell,2020-08-10,51.0,45.0,,2.0,,,2.0,1.0148099729392985,18:19:29.435597
1152,10000,buy,2020-08-10,100.0,,,,,,,1.018134185159996,18:19:31.500921
1153,25000,buy,2020-08-10,100.0,,,,,,,1.0181875234804,18:19:32.537344
1154,50000,buy,2020-08-10,100.0,,,,,,,1.0182769653159356,18:19:33.722867
1155,100000,buy,2020-08-10,78.0,22.0,,,,,,1.0184174841534481,18:19:35.451962
1156,200000,buy,2020-08-10,67.0,33.0,,,,,,1.018643187913759,18:19:36.725154
1157,500000,buy,2020-08-10,60.0,38.0,,,,,2.0,1.0192762711872567,18:19:37.506008
1158,1000000,buy,2020-08-10,58.0,41.0,,,,,1.0,1.0204304446161836,18:19:38.840987
1159,1500000,buy,2020-08-10,58.0,41.0,,,,1.0,,1.0217533450851268,18:19:39.563554
1160,10000,sell,2020-08-10,,100.0,,,,,,1.0175934082005629,18:19:40.742922
1161,25000,sell,2020-08-10,,100.0,,,,,,1.0175232853514984,18:19:41.842285
1162,50000,sell,2020-08-10,13.0,87.0,,,,,,1.0174146040761123,18:19:42.752612
1163,100000,sell,2020-08-10,35.0,65.0,,,,,,1.017276031291303,18:19:44.561557
1164,200000,sell,2020-08-10,45.0,55.0,,,,,,1.0170591381496839,18:19:45.738962
1165,500000,sell,2020-08-10,51.0,49.0,,,,,,1.016476690083994,18:19:48.330861
1166,1000000,sell,2020-08-10,53.0,47.0,,,,,,1.0155900575714534,18:19:49.555129
1167,1500000,sell,2020-08-10,52.0,46.0,,2.0,,,,1.0147915600836377,18:19:51.090237
1168,10000,buy,2020-08-10,100.0,,,,,,,1.018134185159996,18:21:24.356963
1169,25000,buy,2020-08-10,100.0,,,,,,,1.0181875234804,18:21:25.053379
1170,50000,buy,2020-08-10,100.0,,,,,,,1.0182769653159356,18:21:25.699970
1171,100000,buy,2020-08-10,78.0,22.0,,,,,,1.0184174837043396,18:21:27.759262
1172,200000,buy,2020-08-10,67.0,33.0,,,,,,1.0186431872266717,18:21:28.521572
1173,500000,buy,2020-08-10,60.0,38.0,,,,,2.0,1.0192762703498048,18:21:29.718329
1174,1000000,buy,2020-08-10,58.0,41.0,,,,,1.0,1.020430444121809,18:21:31.248868
1175,1500000,buy,2020-08-10,58.0,41.0,,,,1.0,,1.021752948584764,18:21:32.005921
1176,10000,sell,2020-08-10,,100.0,,,,,,1.0175934072103612,18:21:32.771048
1177,25000,sell,2020-08-10,,100.0,,,,,,1.0175232843679998,18:21:33.646176
1178,50000,sell,2020-08-10,13.0,87.0,,,,,,1.017414603227573,18:21:34.419871
1179,100000,sell,2020-08-10,35.0,65.0,,,,,,1.0172760306634154,18:21:35.395966
1180,200000,sell,2020-08-10,45.0,55.0,,,,,,1.0170591376289033,18:21:37.048698
1181,500000,sell,2020-08-10,51.0,49.0,,,,,,1.0164766896463737,18:21:38.162567
1182,1000000,sell,2020-08-10,52.0,47.0,,,,,1.0,1.0155971694737194,18:21:39.622846
1183,1500000,sell,2020-08-10,51.0,45.0,,2.0,,,2.0,1.0148125717602523,18:21:40.764941
1184,10000,buy,2020-08-10,100.0,,,,,,,1.018134185159996,18:21:42.114937
1185,25000,buy,2020-08-10,100.0,,,,,,,1.0181875234804,18:21:42.966947
1186,50000,buy,2020-08-10,100.0,,,,,,,1.0182769653159356,18:21:43.641949
1187,100000,buy,2020-08-10,78.0,22.0,,,,,,1.0184174837043396,18:21:45.020176
1188,200000,buy,2020-08-10,67.0,33.0,,,,,,1.0186431872266717,18:21:46.359701
1189,500000,buy,2020-08-10,60.0,38.0,,,,,2.0,1.0192762703498048,18:21:47.962672
1190,1000000,buy,2020-08-10,58.0,41.0,,,,,1.0,1.020430444121809,18:21:48.768744
1191,1500000,buy,2020-08-10,58.0,41.0,,,,1.0,,1.021752948584764,18:21:49.873900
1192,10000,sell,2020-08-10,,100.0,,,,,,1.0175934072103612,18:21:51.146793
1193,25000,sell,2020-08-10,,100.0,,,,,,1.0175232843679998,18:21:51.849029
1194,50000,sell,2020-08-10,13.0,87.0,,,,,,1.017414603227573,18:21:52.754470
1195,100000,sell,2020-08-10,35.0,65.0,,,,,,1.0172760306634154,18:21:54.106207
1196,200000,sell,2020-08-10,45.0,55.0,,,,,,1.0170591376289033,18:21:55.191361
1197,500000,sell,2020-08-10,51.0,49.0,,,,,,1.0164766896463737,18:21:55.844999
1198,1000000,sell,2020-08-10,52.0,47.0,,,,,1.0,1.0155971694737194,18:21:56.756152
1199,1500000,sell,2020-08-10,51.0,45.0,,2.0,,,2.0,1.0148125717602523,18:21:57.503192
1200,10000,buy,2020-08-10,,100.0,,,,,,1.0175723263985315,18:23:23.324503
1201,25000,buy,2020-08-10,,100.0,,,,,,1.0176372522342898,18:23:23.963297
1202,50000,buy,2020-08-10,,100.0,,,,,,1.0177465304227364,18:23:24.770038
1203,100000,buy,2020-08-10,,100.0,,,,,,1.0179691821040806,18:23:26.083617
1204,200000,buy,2020-08-10,19.0,81.0,,,,,,1.0183672264039565,18:23:26.923350
1205,500000,buy,2020-08-10,41.0,57.0,,,,,2.0,1.0191180774526565,18:23:28.029992
1206,1000000,buy,2020-08-10,49.0,50.0,,,,,1.0,1.0203044041120013,18:23:28.742764
1207,1500000,buy,2020-08-10,52.0,47.0,,,,1.0,,1.0216302805783006,18:23:30.006360
1208,10000,sell,2020-08-10,100.0,,,,,,,1.0178611761898804,18:23:31.148993
1209,25000,sell,2020-08-10,100.0,,,,,,,1.0178053363543966,18:23:32.580535
1210,50000,sell,2020-08-10,100.0,,,,,,,1.0177128636931603,18:23:33.351286
1211,100000,sell,2020-08-10,100.0,,,,,,,1.017530110428132,18:23:34.123040
1212,200000,sell,2020-08-10,92.0,8.0,,,,,,1.0171828036603794,18:23:35.141712
1213,500000,sell,2020-08-10,70.0,30.0,,,,,,1.0164860091178183,18:23:35.811498
1214,1000000,sell,2020-08-10,62.0,37.0,,,,,1.0,1.0155725843512375,18:23:36.487281
1215,1500000,sell,2020-08-10,57.0,39.0,,2.0,,,2.0,1.0147803135180045,18:23:37.757874
1216,10000,buy,2020-08-10,,100.0,,,,,,1.0175723262842782,18:23:39.267389
1217,25000,buy,2020-08-10,,100.0,,,,,,1.0176372514580208,18:23:40.431016
1218,50000,buy,2020-08-10,,100.0,,,,,,1.0177465296379156,18:23:41.100802
1219,100000,buy,2020-08-10,,100.0,,,,,,1.0179691813016996,18:23:41.894548
1220,200000,buy,2020-08-10,19.0,81.0,,,,,,1.0183672257355254,18:23:42.646309
1221,500000,buy,2020-08-10,41.0,57.0,,,,,2.0,1.0191180769547168,18:23:43.272106
1222,1000000,buy,2020-08-10,49.0,50.0,,,,,1.0,1.020304403627431,18:23:44.707645
1223,1500000,buy,2020-08-10,52.0,47.0,,,,1.0,,1.0216302800722714,18:23:45.996233
1224,10000,sell,2020-08-10,100.0,,,,,,,1.0178611761898804,18:23:47.250831
1225,25000,sell,2020-08-10,100.0,,,,,,,1.0178053363543966,18:23:48.456443
1226,50000,sell,2020-08-10,100.0,,,,,,,1.0177128636931603,18:23:49.607075
1227,100000,sell,2020-08-10,100.0,,,,,,,1.017530110428132,18:23:50.364831
1228,200000,sell,2020-08-10,92.0,8.0,,,,,,1.0171828036084634,18:23:50.951643
1229,500000,sell,2020-08-10,70.0,30.0,,,,,,1.016486008934175,18:23:51.743389
1230,1000000,sell,2020-08-10,62.0,37.0,,,,,1.0,1.015572584144538,18:23:52.534136
1231,1500000,sell,2020-08-10,57.0,39.0,,2.0,,,2.0,1.0147803133177935,18:23:54.150617
1232,10000,buy,2020-08-10,,100.0,,,,,,1.0175723227995568,18:25:18.907004
1233,25000,buy,2020-08-10,,100.0,,,,,,1.0176372486117011,18:25:20.203908
1234,50000,buy,2020-08-10,,100.0,,,,,,1.0177465267602395,18:25:21.388722
1235,100000,buy,2020-08-10,,100.0,,,,,,1.0179691783596356,18:25:22.137907
1236,200000,buy,2020-08-10,19.0,81.0,,,,,,1.0183672232846117,18:25:23.005648
1237,500000,buy,2020-08-10,41.0,57.0,,,,,2.0,1.0191175506005126,18:25:23.639997
1238,1000000,buy,2020-08-10,49.0,50.0,,,,,1.0,1.0203041389754481,18:25:24.485623
1239,1500000,buy,2020-08-10,52.0,47.0,,,,1.0,,1.0216351103396328,18:25:26.197511
1240,10000,sell,2020-08-10,100.0,,,,,,,1.0178611761898804,18:25:27.484490
1241,25000,sell,2020-08-10,100.0,,,,,,,1.0178053363543966,18:25:28.322671
1242,50000,sell,2020-08-10,100.0,,,,,,,1.0177128636931603,18:25:29.134900
1243,100000,sell,2020-08-10,100.0,,,,,,,1.017530110428132,18:25:31.080523
1244,200000,sell,2020-08-10,92.0,8.0,,,,,,1.0171828033849992,18:25:31.863939
1245,500000,sell,2020-08-10,70.0,30.0,,,,,,1.0164860081437104,18:25:32.842176
1246,1000000,sell,2020-08-10,62.0,37.0,,,,,1.0,1.015572583254831,18:25:34.192525
1247,1500000,sell,2020-08-10,57.0,39.0,,2.0,,,2.0,1.0147803123776724,18:25:34.889292
1248,10000,buy,2020-08-10,,100.0,,,,,,1.0175723225424869,18:25:36.172517
1249,25000,buy,2020-08-10,,100.0,,,,,,1.0176372483529448,18:25:36.958685
1250,50000,buy,2020-08-10,,100.0,,,,,,1.017746526498632,18:25:37.701893
1251,100000,buy,2020-08-10,,100.0,,,,,,1.0179691780921754,18:25:38.932077
1252,200000,buy,2020-08-10,19.0,81.0,,,,,,1.0183672230618013,18:25:39.825620
1253,500000,buy,2020-08-10,41.0,57.0,,,,,2.0,1.019117550434533,18:25:40.818019
1254,1000000,buy,2020-08-10,49.0,50.0,,,,,1.0,1.020304138813925,18:25:42.283685
1255,1500000,buy,2020-08-10,52.0,47.0,,,,1.0,,1.0216357376871532,18:25:43.222630
1256,10000,sell,2020-08-10,100.0,,,,,,,1.0178611761898804,18:25:44.595059
1257,25000,sell,2020-08-10,100.0,,,,,,,1.0178053363543966,18:25:46.339386
1258,50000,sell,2020-08-10,100.0,,,,,,,1.0177128636931603,18:25:47.094971
1259,100000,sell,2020-08-10,100.0,,,,,,,1.017530110428132,18:25:48.434364
1260,200000,sell,2020-08-10,92.0,8.0,,,,,,1.0171828033646841,18:25:49.705575
1261,500000,sell,2020-08-10,70.0,30.0,,,,,,1.01648600807185,18:25:50.464452
1262,1000000,sell,2020-08-10,62.0,37.0,,,,,1.0,1.0155725831739484,18:25:51.952661
1263,1500000,sell,2020-08-10,57.0,39.0,,2.0,,,2.0,1.0147803123776724,18:25:53.594032
1264,10000,buy,2020-08-10,,100.0,,,,,,1.0175723205716214,18:27:17.033886
1265,25000,buy,2020-08-10,,100.0,,,,,,1.017637246369148,18:27:18.525501
1266,50000,buy,2020-08-10,,100.0,,,,,,1.017746524492981,18:27:19.692487
1267,100000,buy,2020-08-10,,100.0,,,,,,1.0179691760416478,18:27:20.634730
1268,200000,buy,2020-08-10,21.0,79.0,,,,,,1.0183549167347625,18:27:21.947234
1269,500000,buy,2020-08-10,41.0,57.0,,,,,2.0,1.0190915362402342,18:27:23.261576
1270,1000000,buy,2020-08-10,49.0,50.0,,,,,1.0,1.020270490184533,18:27:23.937282
1271,1500000,buy,2020-08-10,52.0,47.0,,,,1.0,,1.021598117758378,18:27:24.766472
1272,10000,sell,2020-08-10,100.0,,,,,,,1.0178012411793282,18:27:25.568457
1273,25000,sell,2020-08-10,100.0,,,,,,,1.0177456403014802,18:27:26.213552
1274,50000,sell,2020-08-10,100.0,,,,,,,1.0176535621261562,18:27:26.912218
1275,100000,sell,2020-08-10,100.0,,,,,,,1.017471583942297,18:27:27.880047
1276,200000,sell,2020-08-10,90.0,10.0,,,,,,1.0171305356318825,18:27:29.147978
1277,500000,sell,2020-08-10,69.0,31.0,,,,,,1.0164476684009485,18:27:30.483219
1278,1000000,sell,2020-08-10,61.0,38.0,,,,,1.0,1.0155407843965278,18:27:31.789107
1279,1500000,sell,2020-08-10,57.0,39.0,,2.0,,,2.0,1.014752536427277,18:27:32.443178
1280,10000,buy,2020-08-10,,100.0,,,,,,1.0175723194578303,18:27:33.718917
1281,25000,buy,2020-08-10,,100.0,,,,,,1.0176372452480487,18:27:34.940882
1282,50000,buy,2020-08-10,,100.0,,,,,,1.01774652335953,18:27:35.745497
1283,100000,buy,2020-08-10,,100.0,,,,,,1.0179691748828346,18:27:36.388137
1284,200000,buy,2020-08-10,21.0,79.0,,,,,,1.0183549157949279,18:27:37.569004
1285,500000,buy,2020-08-10,41.0,57.0,,,,,2.0,1.019091535521134,18:27:38.306978
1286,1000000,buy,2020-08-10,49.0,50.0,,,,,1.0,1.0202704894847454,18:27:39.140481
1287,1500000,buy,2020-08-10,52.0,47.0,,,,1.0,,1.021595310330953,18:27:40.375457
1288,10000,sell,2020-08-10,100.0,,,,,,,1.0178012411793282,18:27:41.700133
1289,25000,sell,2020-08-10,100.0,,,,,,,1.0177456403014802,18:27:42.406375
1290,50000,sell,2020-08-10,100.0,,,,,,,1.0176535621261562,18:27:43.751626
1291,100000,sell,2020-08-10,100.0,,,,,,,1.017471583942297,18:27:44.516396
1292,200000,sell,2020-08-10,90.0,10.0,,,,,,1.017130535575567,18:27:45.908739
1293,500000,sell,2020-08-10,69.0,31.0,,,,,,1.016447668236333,18:27:46.503258
1294,1000000,sell,2020-08-10,61.0,38.0,,,,,1.0,1.0155407842127266,18:27:47.315320
1295,1500000,sell,2020-08-10,57.0,39.0,,2.0,,,2.0,1.0147525362532315,18:27:48.024176
1296,10000,buy,2020-08-10,28.0,72.0,,,,,,1.018646565025665,18:29:17.862826
1297,25000,buy,2020-08-10,45.0,55.0,,,,,,1.018681517921992,18:29:18.764184
1298,50000,buy,2020-08-10,51.0,49.0,,,,,,1.018734674516273,18:29:19.443320
1299,100000,buy,2020-08-10,54.0,46.0,,,,,,1.0188397637794226,18:29:20.304338
