,amount,buy_or_sell,date,liquidity_curve_susd,liquidity_curvefi,liquidity_kyber,liquidity_oasis,liquidity_uniswap,liquidity_uniswap_v2,liquidity_zero_x,price,time
0,10000,buy,2020-08-09,90.0,,,,8.0,2.0,,1.0171099169891882,17:04:36.703030
1,25000,buy,2020-08-09,96.0,,,,3.0,1.0,,1.017299884416586,17:04:37.457933
2,50000,buy,2020-08-09,98.0,,,,2.0,,,1.0174369765920943,17:04:38.142698
3,100000,buy,2020-08-09,99.0,,,,1.0,,,1.0176304277638921,17:04:38.965978
4,200000,buy,2020-08-09,89.0,10.0,,,1.0,,,1.0179959879043123,17:04:40.287711
5,500000,buy,2020-08-09,63.0,30.0,,6.0,,,1.0,1.018659281318632,17:04:41.451342
6,1000000,buy,2020-08-09,57.0,39.0,,3.0,,,1.0,1.01968114025371,17:04:42.251200
7,1500000,buy,2020-08-09,54.0,39.0,,6.0,,,1.0,1.020788486714053,17:04:43.685579
8,10000,sell,2020-08-09,,90.0,,,,,10.0,1.0175658798161473,17:04:45.206246
9,25000,sell,2020-08-09,,96.0,,,,,4.0,1.0175115727182955,17:04:45.909119
10,50000,sell,2020-08-09,,98.0,,,,,2.0,1.0174166422008348,17:04:47.384066
11,100000,sell,2020-08-09,,99.0,,,,,1.0,1.0172278616135542,17:04:48.296818
12,200000,sell,2020-08-09,13.0,86.0,,,,,1.0,1.0168861638477784,17:04:49.581055
13,500000,sell,2020-08-09,35.0,64.0,,,,,1.0,1.016242199353571,17:04:50.742563
14,1000000,sell,2020-08-09,42.0,57.0,,,,,1.0,1.0154107264932792,17:04:51.693430
15,1500000,sell,2020-08-09,41.0,51.0,,5.0,,,3.0,1.0146941352682577,17:04:52.501690
16,10000,buy,2020-08-09,90.0,,,,8.0,2.0,,1.0171099169891882,17:05:53.191640
17,25000,buy,2020-08-09,96.0,,,,3.0,1.0,,1.017299884416586,17:05:54.713016
18,50000,buy,2020-08-09,98.0,,,,2.0,,,1.0174369765920943,17:05:56.119574
19,100000,buy,2020-08-09,99.0,,,,1.0,,,1.0176304277638921,17:05:57.431856
20,200000,buy,2020-08-09,89.0,10.0,,,1.0,,,1.017995987457792,17:05:58.764220
21,500000,buy,2020-08-09,64.0,30.0,,6.0,,,,1.0186611365112295,17:05:59.449258
22,1000000,buy,2020-08-09,56.0,37.0,,3.0,,,4.0,1.019647109188018,17:06:00.805490
23,1500000,buy,2020-08-09,54.0,39.0,,3.0,,1.0,3.0,1.0207118351685085,17:06:02.192465
24,10000,sell,2020-08-09,,90.0,,,,,10.0,1.017565875836665,17:06:02.794108
25,25000,sell,2020-08-09,,96.0,,,,,4.0,1.0175115691922205,17:06:04.572332
26,50000,sell,2020-08-09,,98.0,,,,,2.0,1.0174166386324437,17:06:06.056512
27,100000,sell,2020-08-09,,99.0,,,,,1.0,1.0172278580702998,17:06:07.603988
28,200000,sell,2020-08-09,13.0,86.0,,,,,1.0,1.0168861608451136,17:06:08.370531
29,500000,sell,2020-08-09,35.0,64.0,,,,,1.0,1.0162421972257272,17:06:09.128472
30,1000000,sell,2020-08-09,42.0,57.0,,,,,1.0,1.0154107247420385,17:06:10.059511
31,1500000,sell,2020-08-09,41.0,51.0,,5.0,,,3.0,1.014694133790561,17:06:11.491641
32,10000,buy,2020-08-09,95.0,,,,3.0,2.0,,1.0172955932531764,17:07:12.570674
33,25000,buy,2020-08-09,98.0,,,,1.0,1.0,,1.0173760792536055,17:07:13.931763
34,50000,buy,2020-08-09,99.0,,,,1.0,,,1.0174771802650728,17:07:15.273353
35,100000,buy,2020-08-09,76.0,24.0,,,,,,1.017615204840325,17:07:16.781581
36,200000,buy,2020-08-09,63.0,37.0,,,,,,1.0178162154075792,17:07:17.543815
37,500000,buy,2020-08-09,54.0,41.0,,5.0,,,,1.0183721279132731,17:07:19.216839
38,1000000,buy,2020-08-09,50.0,43.0,,3.0,,,4.0,1.0193033329277357,17:07:19.882188
39,1500000,buy,2020-08-09,51.0,44.0,,2.0,,,3.0,1.0203244075660505,17:07:21.161311
40,10000,sell,2020-08-09,,100.0,,,,,,1.0168097159267253,17:07:21.923180
41,25000,sell,2020-08-09,,96.0,,,,,4.0,1.016758155370216,17:07:23.283956
42,50000,sell,2020-08-09,1.0,97.0,,,,,2.0,1.016669997297701,17:07:24.601112
43,100000,sell,2020-08-09,26.0,73.0,,,,,1.0,1.016539233470181,17:07:25.347893
44,200000,sell,2020-08-09,38.0,62.0,,,,,,1.0163410305166727,17:07:26.084503
45,500000,sell,2020-08-09,46.0,54.0,,,,,,1.0158282845288198,17:07:27.452095
46,1000000,sell,2020-08-09,47.0,51.0,,,,,2.0,1.0150583776755973,17:07:28.657825
47,1500000,sell,2020-08-09,44.0,48.0,,6.0,,,2.0,1.0143853451909546,17:07:29.871626
48,10000,buy,2020-08-09,95.0,,,,3.0,2.0,,1.017302818221704,17:08:30.567773
49,25000,buy,2020-08-09,98.0,,,,1.0,1.0,,1.0173784884792174,17:08:32.062843
50,50000,buy,2020-08-09,98.0,,,,1.0,1.0,,1.0174786314229887,17:08:32.750622
51,100000,buy,2020-08-09,75.0,24.0,,,,1.0,,1.0176139506099982,17:08:33.629914
52,200000,buy,2020-08-09,63.0,36.0,,,,1.0,,1.0178143858723183,17:08:34.966485
53,500000,buy,2020-08-09,53.0,41.0,,5.0,,1.0,,1.0183690415396693,17:08:36.309660
54,1000000,buy,2020-08-09,50.0,42.0,,3.0,,1.0,4.0,1.019296307175562,17:08:37.748776
55,1500000,buy,2020-08-09,50.0,44.0,,2.0,,1.0,3.0,1.0203015517570804,17:08:39.101923
56,10000,sell,2020-08-09,,90.0,,,,,10.0,1.01688622412374,17:08:40.442492
57,25000,sell,2020-08-09,,92.0,,,,,8.0,1.0167928211720834,17:08:41.717736
58,50000,sell,2020-08-09,,96.0,,,,,4.0,1.0166908849876213,17:08:42.460497
59,100000,sell,2020-08-09,25.0,73.0,,,,,2.0,1.0165514121385368,17:08:43.188738
60,200000,sell,2020-08-09,38.0,61.0,,,,,1.0,1.0163526775468923,17:08:44.550464
61,500000,sell,2020-08-09,45.0,54.0,,,,,1.0,1.0158341607506793,17:08:45.290903
62,1000000,sell,2020-08-09,47.0,52.0,,,,,1.0,1.0150556590339541,17:08:46.657061
63,1500000,sell,2020-08-09,44.0,49.0,,6.0,,,1.0,1.0143741096357126,17:08:47.335845
64,10000,buy,2020-08-09,62.0,,,,3.0,35.0,,1.016946225776338,17:09:48.734551
65,25000,buy,2020-08-09,84.0,,,,1.0,15.0,,1.0172218353292846,17:09:49.474004
66,50000,buy,2020-08-09,91.0,,,,1.0,8.0,,1.0173838482828927,17:09:50.136108
67,100000,buy,2020-08-09,74.0,22.0,,,,4.0,,1.0175597021079203,17:09:51.830545
68,200000,buy,2020-08-09,62.0,36.0,,,,2.0,,1.0177811807311898,17:09:52.514713
69,500000,buy,2020-08-09,53.0,41.0,,5.0,,1.0,,1.018347133428512,17:09:53.925407
70,1000000,buy,2020-08-09,50.0,42.0,,3.0,,1.0,4.0,1.0192744115368715,17:09:55.231369
71,1500000,buy,2020-08-09,50.0,44.0,,2.0,,1.0,3.0,1.0202874694864303,17:09:56.592678
72,10000,sell,2020-08-09,,90.0,,,,,10.0,1.0168862220137902,17:09:57.396534
73,25000,sell,2020-08-09,,92.0,,,,,8.0,1.016792819025566,17:09:58.006287
74,50000,sell,2020-08-09,,96.0,,,,,4.0,1.0166908827667909,17:09:59.290972
75,100000,sell,2020-08-09,25.0,73.0,,,,,2.0,1.0165514104640305,17:10:00.579153
76,200000,sell,2020-08-09,38.0,61.0,,,,,1.0,1.016352676170496,17:10:01.228119
77,500000,sell,2020-08-09,45.0,54.0,,,,,1.0,1.0158373307000266,17:10:01.909417
78,1000000,sell,2020-08-09,46.0,51.0,,,,,3.0,1.0150745873111073,17:10:02.492339
79,1500000,sell,2020-08-09,44.0,48.0,,6.0,,,2.0,1.0143992116461924,17:10:04.102441
80,10000,buy,2020-08-09,66.0,,,,9.0,25.0,,1.01686974204946,17:11:05.770740
81,25000,buy,2020-08-09,85.0,,,,4.0,11.0,,1.0171928444653786,17:11:07.139971
82,50000,buy,2020-08-09,92.0,,,,2.0,6.0,,1.0173677884312748,17:11:07.906108
83,100000,buy,2020-08-09,74.0,22.0,,,1.0,3.0,,1.0175498485736347,17:11:09.589061
84,200000,buy,2020-08-09,62.0,35.0,,,1.0,2.0,,1.017789734238614,17:11:11.040611
85,500000,buy,2020-08-09,53.0,41.0,,5.0,,1.0,,1.0183529261071695,17:11:11.759952
86,1000000,buy,2020-08-09,50.0,42.0,,3.0,,1.0,4.0,1.0192802018107514,17:11:12.464900
87,1500000,buy,2020-08-09,50.0,44.0,,2.0,,1.0,3.0,1.0202932572245247,17:11:14.086803
88,10000,sell,2020-08-09,,90.0,,,,,10.0,1.0168862186758707,17:11:15.357789
89,25000,sell,2020-08-09,,92.0,,,,,8.0,1.016792815629796,17:11:16.102187
90,50000,sell,2020-08-09,,96.0,,,,,4.0,1.0166908792534564,17:11:16.848697
91,100000,sell,2020-08-09,25.0,73.0,,,,,2.0,1.0165514078149753,17:11:18.277355
92,200000,sell,2020-08-09,38.0,61.0,,,,,1.0,1.0163526739930469,17:11:19.717432
93,500000,sell,2020-08-09,45.0,54.0,,,,,1.0,1.0158377775738785,17:11:20.488466
94,1000000,sell,2020-08-09,46.0,50.0,,,,,4.0,1.015078525036245,17:11:21.786310
95,1500000,sell,2020-08-09,43.0,48.0,,6.0,,,3.0,1.0144106754666709,17:11:22.477087
96,10000,buy,2020-08-09,90.0,,,,8.0,2.0,,1.0171270479026169,17:12:23.969632
97,25000,buy,2020-08-09,96.0,,,,3.0,1.0,,1.0173063042941717,17:12:24.733205
98,50000,buy,2020-08-09,96.0,,,,2.0,2.0,,1.0174358026867711,17:12:26.227269
99,100000,buy,2020-08-09,75.0,23.0,,,1.0,1.0,,1.0175876719285673,17:12:27.687261
100,200000,buy,2020-08-09,63.0,36.0,,,,1.0,,1.0178110100617297,17:12:28.429428
101,500000,buy,2020-08-09,53.0,41.0,,5.0,,1.0,,1.018365664912787,17:12:30.135038
102,1000000,buy,2020-08-09,50.0,42.0,,3.0,,1.0,4.0,1.019292929846777,17:12:30.862154
103,1500000,buy,2020-08-09,50.0,44.0,,2.0,,1.0,3.0,1.0203059775184418,17:12:32.214617
104,10000,sell,2020-08-09,,90.0,,,,,10.0,1.016886216182025,17:12:33.525252
105,25000,sell,2020-08-09,,92.0,,,,,8.0,1.0167928130927295,17:12:34.379883
106,50000,sell,2020-08-09,,96.0,,,,,4.0,1.0166908766285545,17:12:35.718582
107,100000,sell,2020-08-09,25.0,73.0,,,,,2.0,1.0165514058357987,17:12:37.032987
108,200000,sell,2020-08-09,36.0,63.0,,,,,1.0,1.0163352379367812,17:12:37.850812
109,500000,sell,2020-08-09,44.0,55.0,,,,,1.0,1.0158175217241516,17:12:39.249012
110,1000000,sell,2020-08-09,45.0,51.0,,,,,4.0,1.0150592057400072,17:12:40.116761
111,1500000,sell,2020-08-09,43.0,48.0,,6.0,,,3.0,1.0143930618674624,17:12:41.358330
112,10000,buy,2020-08-09,76.0,,,,8.0,16.0,,1.0170289728443487,17:13:42.273895
113,25000,buy,2020-08-09,90.0,,,,3.0,7.0,,1.0172318845307133,17:13:42.978673
114,50000,buy,2020-08-09,94.0,,,,2.0,4.0,,1.0173692146627487,17:13:43.883377
115,100000,buy,2020-08-09,78.0,19.0,,,1.0,2.0,,1.0175381773329069,17:13:44.608437
116,200000,buy,2020-08-09,65.0,34.0,,,,1.0,,1.0177724829272032,17:13:45.948563
117,500000,buy,2020-08-09,54.0,40.0,,5.0,,1.0,,1.0183312588967262,17:13:46.805956
118,1000000,buy,2020-08-09,51.0,43.0,,3.0,,1.0,2.0,1.0192664301006475,17:13:48.026565
119,1500000,buy,2020-08-09,51.0,44.0,,2.0,,1.0,2.0,1.0202963403454488,17:13:48.803962
120,10000,sell,2020-08-09,,90.0,,,,,10.0,1.0168862037573987,17:13:50.069557
121,25000,sell,2020-08-09,,92.0,,,,,8.0,1.0167928004842937,17:13:51.731624
122,50000,sell,2020-08-09,,96.0,,,,,4.0,1.016690863641679,17:13:52.381446
123,100000,sell,2020-08-09,22.0,76.0,,,,,2.0,1.0165401866919304,17:13:53.736272
124,200000,sell,2020-08-09,36.0,63.0,,,,,1.0,1.0163352520201128,17:13:55.051594
125,500000,sell,2020-08-09,44.0,55.0,,,,,1.0,1.0158175336833764,17:13:55.730134
126,1000000,sell,2020-08-09,45.0,51.0,,,,,4.0,1.0150592045572548,17:13:57.080202
127,1500000,sell,2020-08-09,43.0,48.0,,6.0,,,3.0,1.0143930608220413,17:13:58.408767
128,10000,buy,2020-08-09,90.0,,,,8.0,2.0,,1.0170839056843741,17:14:59.749097
129,25000,buy,2020-08-09,96.0,,,,3.0,1.0,,1.0172601025456842,17:15:01.146023
130,50000,buy,2020-08-09,98.0,,,,2.0,,,1.0173938155755429,17:15:02.053314
131,100000,buy,2020-08-09,79.0,20.0,,,1.0,,,1.0175546929714239,17:15:02.791255
132,200000,buy,2020-08-09,65.0,35.0,,,,,,1.0177843949646426,17:15:04.750534
133,500000,buy,2020-08-09,54.0,41.0,,5.0,,,,1.0183444348761717,17:15:06.143897
134,1000000,buy,2020-08-09,51.0,43.0,,3.0,,1.0,2.0,1.0192781833840796,17:15:07.113600
135,1500000,buy,2020-08-09,51.0,43.0,,2.0,,1.0,3.0,1.020293449441808,17:15:08.878337
136,10000,sell,2020-08-09,,90.0,,,,,10.0,1.016886200536355,17:15:09.686041
137,25000,sell,2020-08-09,,92.0,,,,,8.0,1.016792797207429,17:15:11.264116
138,50000,sell,2020-08-09,,96.0,,,,,4.0,1.016690859645961,17:15:12.623266
139,100000,sell,2020-08-09,22.0,76.0,,,,,2.0,1.0165401834635772,17:15:13.341192
140,200000,sell,2020-08-09,36.0,63.0,,,,,1.0,1.0163352493885325,17:15:14.691236
141,500000,sell,2020-08-09,44.0,55.0,,,,,1.0,1.0158175314955669,17:15:16.050978
142,1000000,sell,2020-08-09,45.0,51.0,,,,,4.0,1.0150592026728928,17:15:16.931125
143,1500000,sell,2020-08-09,43.0,48.0,,6.0,,,3.0,1.0143930591564894,17:15:17.568159
144,10000,buy,2020-08-09,90.0,,,,8.0,2.0,,1.0170839056843741,17:16:18.332001
145,25000,buy,2020-08-09,96.0,,,,3.0,1.0,,1.0172601025456842,17:16:19.743005
146,50000,buy,2020-08-09,98.0,,,,2.0,,,1.0173938155755429,17:16:20.535728
147,100000,buy,2020-08-09,79.0,20.0,,,1.0,,,1.0175546925409704,17:16:21.271149
148,200000,buy,2020-08-09,65.0,35.0,,,,,,1.0177843941984406,17:16:22.636588
149,500000,buy,2020-08-09,54.0,41.0,,5.0,,,,1.0183444336159648,17:16:23.973271
150,1000000,buy,2020-08-09,51.0,43.0,,3.0,,,3.0,1.019277362126584,17:16:24.709287
151,1500000,buy,2020-08-09,51.0,44.0,,2.0,,,3.0,1.0202959716604822,17:16:25.988299
152,10000,sell,2020-08-09,,90.0,,,,,10.0,1.0168861983123019,17:16:26.694330
153,25000,sell,2020-08-09,,92.0,,,,,8.0,1.0167927949448328,17:16:28.062751
154,50000,sell,2020-08-09,,96.0,,,,,4.0,1.0166908579104477,17:16:28.858163
155,100000,sell,2020-08-09,22.0,76.0,,,,,2.0,1.016540182197557,17:16:29.548369
156,200000,sell,2020-08-09,36.0,63.0,,,,,1.0,1.0163352483565409,17:16:30.218269
157,500000,sell,2020-08-09,44.0,55.0,,,,,1.0,1.0158175306376027,17:16:31.516368
158,1000000,sell,2020-08-09,45.0,51.0,,,,,4.0,1.0150592019339275,17:16:32.325788
159,1500000,sell,2020-08-09,43.0,48.0,,6.0,,,3.0,1.014393058503332,17:16:33.633622
160,10000,buy,2020-08-09,94.0,,,,4.0,2.0,,1.0172187072067809,17:17:34.498784
161,25000,buy,2020-08-09,97.0,,,,2.0,1.0,,1.0173155477326135,17:17:35.365613
162,50000,buy,2020-08-09,99.0,,,,1.0,,,1.0174205423555769,17:17:36.572952
163,100000,buy,2020-08-09,79.0,20.0,,,1.0,,,1.017576992442854,17:17:37.985606
164,200000,buy,2020-08-09,65.0,35.0,,,,,,1.017784392604741,17:17:38.912553
165,500000,buy,2020-08-09,54.0,41.0,,5.0,,,,1.0183444323557582,17:17:40.272210
166,1000000,buy,2020-08-09,51.0,43.0,,3.0,,,3.0,1.0192773606933676,17:17:41.059602
167,1500000,buy,2020-08-09,51.0,44.0,,2.0,,,3.0,1.020295970059966,17:17:42.466258
168,10000,sell,2020-08-09,,90.0,,,,,10.0,1.0168861957431377,17:17:43.060685
169,25000,sell,2020-08-09,,92.0,,,,,8.0,1.0167927923311446,17:17:43.871268
170,50000,sell,2020-08-09,,96.0,,,,,4.0,1.0166908552062763,17:17:44.551977
171,100000,sell,2020-08-09,22.0,76.0,,,,,2.0,1.0165401800769736,17:17:46.122721
172,200000,sell,2020-08-09,36.0,63.0,,,,,1.0,1.016335246627955,17:17:47.110016
173,500000,sell,2020-08-09,44.0,55.0,,,,,1.0,1.0158175292005132,17:17:48.575753
174,1000000,sell,2020-08-09,45.0,51.0,,,,,4.0,1.0150592006961612,17:17:49.264695
175,1500000,sell,2020-08-09,43.0,48.0,,6.0,,,3.0,1.0143930574092936,17:17:50.109086
176,10000,buy,2020-08-09,98.0,,,,,2.0,,1.0172684868958708,17:18:51.469222
177,25000,buy,2020-08-09,99.0,,,,,1.0,,1.01733599641087,17:18:52.758695
178,50000,buy,2020-08-09,99.0,,,,,1.0,,1.0174324029259476,17:18:53.569596
179,100000,buy,2020-08-09,79.0,21.0,,,,,,1.0175773737726581,17:18:54.383211
180,200000,buy,2020-08-09,65.0,35.0,,,,,,1.0177843908118547,17:18:55.700126
181,500000,buy,2020-08-09,54.0,41.0,,5.0,,,,1.0183444301551303,17:18:56.513085
182,1000000,buy,2020-08-09,52.0,43.0,,3.0,,,2.0,1.0192791746316046,17:18:57.865131
183,1500000,buy,2020-08-09,51.0,44.0,,2.0,,,3.0,1.0202999495206881,17:18:59.209608
184,10000,sell,2020-08-09,,90.0,,,,,10.0,1.016886191256752,17:18:59.925180
185,25000,sell,2020-08-09,,96.0,,,,,4.0,1.0167900311838576,17:19:00.619135
186,50000,sell,2020-08-09,,98.0,,,,,2.0,1.016685887281653,17:19:01.974948
187,100000,sell,2020-08-09,22.0,77.0,,,,,1.0,1.0165357202889924,17:19:03.236594
188,200000,sell,2020-08-09,36.0,63.0,,,,,1.0,1.016325993557831,17:19:04.697273
189,500000,sell,2020-08-09,44.0,55.0,,,,,1.0,1.0158092423481133,17:19:05.357359
190,1000000,sell,2020-08-09,46.0,52.0,,,,,2.0,1.015038538254548,17:19:06.099480
191,1500000,sell,2020-08-09,44.0,48.0,,6.0,,,2.0,1.0143656326571349,17:19:06.961906
192,10000,buy,2020-08-09,98.0,,,,,2.0,,1.0172684868958708,17:20:08.608152
193,25000,buy,2020-08-09,100.0,,,,,,,1.0173494969756565,17:20:09.375146
194,50000,buy,2020-08-09,100.0,,,,,,,1.0174350566421362,17:20:10.715746
195,100000,buy,2020-08-09,79.0,21.0,,,,,,1.0175773732211126,17:20:12.256894
196,200000,buy,2020-08-09,65.0,35.0,,,,,,1.0177843898772085,17:20:13.138451
197,500000,buy,2020-08-09,54.0,41.0,,5.0,,,,1.0183444290079227,17:20:14.527937
198,1000000,buy,2020-08-09,51.0,43.0,,3.0,,,3.0,1.0192773568859115,17:20:15.428920
199,1500000,buy,2020-08-09,51.0,44.0,,2.0,,,3.0,1.0202959658080566,17:20:16.449947
200,10000,sell,2020-08-09,,90.0,,,,,10.0,1.0168861889179648,17:20:17.838287
201,25000,sell,2020-08-09,,92.0,,,,,8.0,1.0167927850756495,17:20:19.313199
202,50000,sell,2020-08-09,,96.0,,,,,4.0,1.0166908476996055,17:20:20.662004
203,100000,sell,2020-08-09,22.0,76.0,,,,,2.0,1.0165401736523314,17:20:21.691349
204,200000,sell,2020-08-09,36.0,63.0,,,,,1.0,1.0163352413909337,17:20:23.029356
205,500000,sell,2020-08-09,44.0,55.0,,,,,1.0,1.0158158724466302,17:20:23.797110
206,1000000,sell,2020-08-09,46.0,52.0,,,,,2.0,1.0150457401773385,17:20:25.163005
207,1500000,sell,2020-08-09,43.0,48.0,,6.0,,,3.0,1.0143816058280821,17:20:26.412123
208,10000,buy,2020-08-09,100.0,,,,,,,1.0172984728084113,17:21:27.085104
209,25000,buy,2020-08-09,100.0,,,,,,,1.0173494969756565,17:21:28.394843
210,50000,buy,2020-08-09,100.0,,,,,,,1.0174350566421362,17:21:29.925514
211,100000,buy,2020-08-09,79.0,21.0,,,,,,1.017577372922748,17:21:31.293764
212,200000,buy,2020-08-09,65.0,35.0,,,,,,1.0177843893716008,17:21:32.221214
213,500000,buy,2020-08-09,54.0,41.0,,5.0,,,,1.0183444283873269,17:21:33.495634
214,1000000,buy,2020-08-09,51.0,43.0,,3.0,,,3.0,1.0192773561801123,17:21:34.166917
215,1500000,buy,2020-08-09,51.0,44.0,,2.0,,,3.0,1.020295965019865,17:21:35.376470
216,10000,sell,2020-08-09,,90.0,,,,,10.0,1.0168861876527717,17:21:36.108277
217,25000,sell,2020-08-09,,92.0,,,,,8.0,1.0167927841005726,17:21:37.408483
218,50000,sell,2020-08-09,,96.0,,,,,4.0,1.0166908466907727,17:21:38.366830
219,100000,sell,2020-08-09,22.0,76.0,,,,,2.0,1.0165401733992037,17:21:39.718581
220,200000,sell,2020-08-09,36.0,63.0,,,,,1.0,1.016335241184598,17:21:40.657601
221,500000,sell,2020-08-09,44.0,55.0,,,,,1.0,1.0158158722750905,17:21:42.210946
222,1000000,sell,2020-08-09,46.0,52.0,,,,,2.0,1.0150457400271553,17:21:42.925185
223,1500000,sell,2020-08-09,43.0,48.0,,6.0,,,3.0,1.0143816056974932,17:21:43.839342
224,10000,buy,2020-08-09,100.0,,,,,,,1.0172984728084113,17:22:45.130479
225,25000,buy,2020-08-09,100.0,,,,,,,1.0173494969756565,17:22:46.464064
226,50000,buy,2020-08-09,100.0,,,,,,,1.0174350566421362,17:22:47.658143
227,100000,buy,2020-08-09,79.0,21.0,,,,,,1.0175773725430577,17:22:48.380531
228,200000,buy,2020-08-09,65.0,35.0,,,,,,1.0177843887281792,17:22:49.831671
229,500000,buy,2020-08-09,54.0,41.0,,5.0,,,,1.0183444275975728,17:22:50.585970
230,1000000,buy,2020-08-09,51.0,43.0,,3.0,,,3.0,1.0192773552819274,17:22:51.990429
231,1500000,buy,2020-08-09,51.0,43.0,,2.0,,1.0,3.0,1.0203336547032162,17:22:53.292669
232,10000,sell,2020-08-09,,100.0,,,,,,1.0168990184543463,17:22:54.844617
233,25000,sell,2020-08-09,,100.0,,,,,,1.0168439914625755,17:22:55.616644
234,50000,sell,2020-08-09,,98.0,,,,,2.0,1.0167564162748717,17:22:56.775389
235,100000,sell,2020-08-09,16.0,83.0,,,,,1.0,1.0165974066019468,17:22:57.577938
236,200000,sell,2020-08-09,34.0,66.0,,,,,,1.0163791503613868,17:22:58.884457
237,500000,sell,2020-08-09,43.0,56.0,,,,,1.0,1.01585611775528,17:22:59.591876
238,1000000,sell,2020-08-09,46.0,52.0,,,,,2.0,1.0150820167503714,17:23:00.958269
239,1500000,sell,2020-08-09,43.0,48.0,,6.0,,,3.0,1.0144088908879016,17:23:01.749701
240,10000,buy,2020-08-09,100.0,,,,,,,1.0172984728084113,17:24:02.971944
241,25000,buy,2020-08-09,100.0,,,,,,,1.0173494969756565,17:24:04.902548
242,50000,buy,2020-08-09,100.0,,,,,,,1.0174350566421362,17:24:05.796724
243,100000,buy,2020-08-09,86.0,14.0,,,,,,1.0175932285409184,17:24:07.164806
244,200000,buy,2020-08-09,68.0,32.0,,,,,,1.0178148301112349,17:24:07.956470
245,500000,buy,2020-08-09,56.0,39.0,,5.0,,,,1.0183826807769822,17:24:09.317595
246,1000000,buy,2020-08-09,54.0,43.0,,3.0,,,,1.0193404497015248,17:24:10.630155
247,1500000,buy,2020-08-09,53.0,45.0,,2.0,,,,1.0204229532476334,17:24:11.922155
248,10000,sell,2020-08-09,,90.0,,,,,10.0,1.0169666215622706,17:24:13.261859
249,25000,sell,2020-08-09,,96.0,,,,,4.0,1.0168754174871697,17:24:13.998755
250,50000,sell,2020-08-09,,96.0,,,,,4.0,1.016775594213973,17:24:14.850072
251,100000,sell,2020-08-09,16.0,82.0,,,,,2.0,1.016609405617655,17:24:15.570474
252,200000,sell,2020-08-09,33.0,66.0,,,,,1.0,1.0163906036425707,17:24:17.217029
253,500000,sell,2020-08-09,43.0,56.0,,,,,1.0,1.0158614112998419,17:24:18.809782
254,1000000,sell,2020-08-09,46.0,52.0,,,,,2.0,1.01508564203706,17:24:19.468968
255,1500000,sell,2020-08-09,43.0,48.0,,6.0,,,3.0,1.014416467105859,17:24:20.939496
256,10000,buy,2020-08-09,100.0,,,,,,,1.0172655491208802,17:25:22.287041
257,25000,buy,2020-08-09,100.0,,,,,,,1.0173164471660359,17:25:23.133951
258,50000,buy,2020-08-09,100.0,,,,,,,1.0174017947405762,17:25:24.406360
259,100000,buy,2020-08-09,88.0,12.0,,,,,,1.01756407698533,17:25:25.129472
260,200000,buy,2020-08-09,70.0,30.0,,,,,,1.017791380850442,17:25:26.519575
261,500000,buy,2020-08-09,56.0,39.0,,5.0,,,,1.01836288971474,17:25:27.474992
262,1000000,buy,2020-08-09,53.0,42.0,,3.0,,,2.0,1.0193108272695413,17:25:28.743238
263,1500000,buy,2020-08-09,52.0,43.0,,2.0,,,3.0,1.0203355359695838,17:25:30.196263
264,10000,sell,2020-08-09,,90.0,,,,,10.0,1.0169666196682277,17:25:31.637261
265,25000,sell,2020-08-09,,96.0,,,,,4.0,1.0168754138364782,17:25:32.246110
266,50000,sell,2020-08-09,,96.0,,,,,4.0,1.0167755905931097,17:25:32.966740
267,100000,sell,2020-08-09,13.0,85.0,,,,,2.0,1.016604644776187,17:25:33.649075
268,200000,sell,2020-08-09,32.0,67.0,,,,,1.0,1.0163800948739787,17:25:35.042653
269,500000,sell,2020-08-09,43.0,56.0,,,,,1.0,1.0158480551172757,17:25:36.331882
270,1000000,sell,2020-08-09,45.0,53.0,,,,,2.0,1.0150723644732391,17:25:37.787556
271,1500000,sell,2020-08-09,43.0,48.0,,6.0,,,3.0,1.0144044215944283,17:25:38.779172
272,10000,buy,2020-08-09,100.0,,,,,,,1.0172655491208802,17:26:40.084859
273,25000,buy,2020-08-09,100.0,,,,,,,1.0173164471660359,17:26:41.068819
274,50000,buy,2020-08-09,100.0,,,,,,,1.0174017947405762,17:26:42.446832
275,100000,buy,2020-08-09,88.0,12.0,,,,,,1.0175640765491563,17:26:43.865921
276,200000,buy,2020-08-09,70.0,30.0,,,,,,1.0177913797420568,17:26:44.559967
277,500000,buy,2020-08-09,56.0,39.0,,5.0,,,,1.0183628882049323,17:26:45.453689
278,1000000,buy,2020-08-09,53.0,42.0,,3.0,,,2.0,1.019310825506328,17:26:46.210942
279,1500000,buy,2020-08-09,52.0,43.0,,2.0,,,3.0,1.0203355339563913,17:26:47.506818
280,10000,sell,2020-08-09,,90.0,,,,,10.0,1.016966616343989,17:26:48.841272
281,25000,sell,2020-08-09,,96.0,,,,,4.0,1.0168754119496044,17:26:50.098972
282,50000,sell,2020-08-09,,96.0,,,,,4.0,1.0167755887216527,17:26:51.302075
283,100000,sell,2020-08-09,13.0,85.0,,,,,2.0,1.0166046431398432,17:26:52.629418
284,200000,sell,2020-08-09,32.0,67.0,,,,,1.0,1.0163800936052103,17:26:53.783345
285,500000,sell,2020-08-09,43.0,56.0,,,,,1.0,1.0158480541064479,17:26:55.259086
286,1000000,sell,2020-08-09,45.0,53.0,,,,,2.0,1.015072363665674,17:26:56.108991
287,1500000,sell,2020-08-09,43.0,48.0,,6.0,,,3.0,1.0144044209034477,17:26:56.814889
288,10000,buy,2020-08-09,100.0,,,,,,,1.0172655491208802,17:27:57.668871
289,25000,buy,2020-08-09,100.0,,,,,,,1.0173164471660359,17:27:58.956734
290,50000,buy,2020-08-09,100.0,,,,,,,1.0174017947405762,17:28:00.202088
291,100000,buy,2020-08-09,88.0,12.0,,,,,,1.0175640760506708,17:28:01.503723
292,200000,buy,2020-08-09,70.0,30.0,,,,,,1.0177913784753287,17:28:02.310668
293,500000,buy,2020-08-09,56.0,39.0,,5.0,,,,1.0183628864794352,17:28:04.008266
294,1000000,buy,2020-08-09,53.0,42.0,,3.0,,,2.0,1.0193108234912238,17:28:05.609375
295,1500000,buy,2020-08-09,52.0,43.0,,2.0,,,3.0,1.0203355315218505,17:28:07.071776
296,10000,sell,2020-08-09,,90.0,,,,,10.0,1.0169666123240113,17:28:08.233813
297,25000,sell,2020-08-09,,96.0,,,,,4.0,1.0168754076836615,17:28:09.702338
298,50000,sell,2020-08-09,,96.0,,,,,4.0,1.0167755844905655,17:28:10.372285
299,100000,sell,2020-08-09,13.0,85.0,,,,,2.0,1.0166046394403123,17:28:11.778549
300,200000,sell,2020-08-09,32.0,67.0,,,,,1.0,1.0163800907367129,17:28:13.773907
301,500000,sell,2020-08-09,43.0,56.0,,,,,1.0,1.0158466448011156,17:28:14.346723
302,1000000,sell,2020-08-09,46.0,53.0,,,,,1.0,1.0150693044403483,17:28:15.044500
303,1500000,sell,2020-08-09,44.0,49.0,,6.0,,,1.0,1.0143798175170806,17:28:16.070171
304,10000,buy,2020-08-09,100.0,,,,,,,1.0172655491208802,17:29:17.093115
305,25000,buy,2020-08-09,100.0,,,,,,,1.0173164471660359,17:29:17.921294
306,50000,buy,2020-08-09,100.0,,,,,,,1.0174017947405762,17:29:19.452405
307,100000,buy,2020-08-09,88.0,12.0,,,,,,1.0175640758793982,17:29:20.239231
308,200000,buy,2020-08-09,70.0,30.0,,,,,,1.0177913780400982,17:29:21.643409
309,500000,buy,2020-08-09,56.0,39.0,,5.0,,,,1.018362884844784,17:29:22.448401
310,1000000,buy,2020-08-09,53.0,42.0,,3.0,,,2.0,1.0193108215822029,17:29:23.213474
311,1500000,buy,2020-08-09,52.0,43.0,,2.0,,,3.0,1.0203355296503374,17:29:24.005604
312,10000,sell,2020-08-09,,90.0,,,,,10.0,1.0169666092337701,17:29:25.007350
313,25000,sell,2020-08-09,,96.0,,,,,4.0,1.0168754044043435,17:29:26.359722
314,50000,sell,2020-08-09,,96.0,,,,,4.0,1.016775581238043,17:29:27.086905
315,100000,sell,2020-08-09,13.0,85.0,,,,,2.0,1.0166046365964108,17:29:27.798864
316,200000,sell,2020-08-09,32.0,67.0,,,,,1.0,1.0163800885316456,17:29:28.491160
317,500000,sell,2020-08-09,43.0,56.0,,,,,1.0,1.0158507856643446,17:29:29.806561
318,1000000,sell,2020-08-09,44.0,52.0,,,,,4.0,1.0150938761385793,17:29:30.583714
319,1500000,sell,2020-08-09,43.0,48.0,,6.0,,,3.0,1.0144221104105469,17:29:31.998314
320,10000,buy,2020-08-09,100.0,,,,,,,1.0172655491208802,17:30:32.949563
321,25000,buy,2020-08-09,100.0,,,,,,,1.0173164471660359,17:30:34.316420
322,50000,buy,2020-08-09,100.0,,,,,,,1.0174017947405762,17:30:35.714742
323,100000,buy,2020-08-09,88.0,12.0,,,,,,1.0175640752308108,17:30:36.427850
324,200000,buy,2020-08-09,70.0,30.0,,,,,,1.0177913763919348,17:30:37.503855
325,500000,buy,2020-08-09,56.0,39.0,,5.0,,,,1.0183628836414895,17:30:38.537400
326,1000000,buy,2020-08-09,53.0,42.0,,3.0,,,2.0,1.0193108201769336,17:30:39.830830
327,1500000,buy,2020-08-09,52.0,43.0,,2.0,,,3.0,1.0203355280831343,17:30:41.229438
328,10000,sell,2020-08-09,,90.0,,,,,10.0,1.016966606646037,17:30:42.009578
329,25000,sell,2020-08-09,,96.0,,,,,4.0,1.0168754014124055,17:30:42.829203
330,50000,sell,2020-08-09,,96.0,,,,,4.0,1.016775578270554,17:30:44.424372
331,100000,sell,2020-08-09,13.0,85.0,,,,,2.0,1.016604634001735,17:30:45.182393
332,200000,sell,2020-08-09,32.0,67.0,,,,,1.0,1.0163800865198218,17:30:46.579885
333,500000,sell,2020-08-09,43.0,56.0,,,,,1.0,1.0158507840615345,17:30:47.147412
334,1000000,sell,2020-08-09,44.0,52.0,,,,,4.0,1.0150938747583824,17:30:48.454332
335,1500000,sell,2020-08-09,43.0,48.0,,6.0,,,3.0,1.0144221092105743,17:30:49.256005
336,10000,buy,2020-08-09,100.0,,,,,,,1.0172655491208802,17:31:50.195514
337,25000,buy,2020-08-09,100.0,,,,,,,1.0173164471660359,17:31:50.945668
338,50000,buy,2020-08-09,100.0,,,,,,,1.0174017947405762,17:31:52.648217
339,100000,buy,2020-08-09,88.0,12.0,,,,,,1.0175640750077481,17:31:53.411409
340,200000,buy,2020-08-09,70.0,30.0,,,,,,1.0177913758250965,17:31:54.774232
341,500000,buy,2020-08-09,56.0,39.0,,5.0,,,,1.018362882869353,17:31:56.089722
342,1000000,buy,2020-08-09,53.0,42.0,,3.0,,,2.0,1.0193108192751883,17:31:57.488424
343,1500000,buy,2020-08-09,52.0,43.0,,2.0,,,3.0,1.0203355270774725,17:31:58.236429
344,10000,sell,2020-08-09,,90.0,,,,,10.0,1.016966604985534,17:31:58.963665
345,25000,sell,2020-08-09,,96.0,,,,,4.0,1.0168753998961797,17:32:00.261153
346,50000,sell,2020-08-09,,96.0,,,,,4.0,1.0167755767667195,17:32:01.442049
347,100000,sell,2020-08-09,13.0,85.0,,,,,2.0,1.0166046326868317,17:32:02.812428
348,200000,sell,2020-08-09,32.0,67.0,,,,,1.0,1.0163800855002914,17:32:04.227622
349,500000,sell,2020-08-09,43.0,56.0,,,,,1.0,1.015850783249282,17:32:05.544626
350,1000000,sell,2020-08-09,44.0,52.0,,,,,4.0,1.0150938740589466,17:32:06.304626
351,1500000,sell,2020-08-09,43.0,48.0,,6.0,,,3.0,1.014422108602472,17:32:07.864334
352,10000,buy,2020-08-09,100.0,,,,,,,1.0172655491208802,17:33:08.645233
353,25000,buy,2020-08-09,100.0,,,,,,,1.0173164471660359,17:33:09.383023
354,50000,buy,2020-08-09,100.0,,,,,,,1.0174017947405762,17:33:10.746288
355,100000,buy,2020-08-09,88.0,12.0,,,,,,1.0175640750077481,17:33:12.103851
356,200000,buy,2020-08-09,70.0,30.0,,,,,,1.0177913758250965,17:33:12.981346
357,500000,buy,2020-08-09,56.0,39.0,,5.0,,,,1.018362882869353,17:33:13.640134
358,1000000,buy,2020-08-09,54.0,43.0,,3.0,,,,1.0193199430081983,17:33:15.026339
359,1500000,buy,2020-08-09,53.0,44.0,,2.0,,,1.0,1.0203966642502333,17:33:16.399901
360,10000,sell,2020-08-09,,90.0,,,,,10.0,1.016966604985534,17:33:17.648938
361,25000,sell,2020-08-09,,96.0,,,,,4.0,1.0168753998961797,17:33:19.017338
362,50000,sell,2020-08-09,,96.0,,,,,4.0,1.0167755767667195,17:33:19.702118
363,100000,sell,2020-08-09,13.0,85.0,,,,,2.0,1.0166046326868317,17:33:20.665809
364,200000,sell,2020-08-09,32.0,67.0,,,,,1.0,1.0163800855002914,17:33:22.078944
365,500000,sell,2020-08-09,43.0,56.0,,,,,1.0,1.0158510793941975,17:33:23.351987
366,1000000,sell,2020-08-09,44.0,52.0,,,,,4.0,1.0150942675279089,17:33:24.012774
367,1500000,sell,2020-08-09,43.0,48.0,,6.0,,,3.0,1.0144225429925915,17:33:25.278953
368,10000,buy,2020-08-09,100.0,,,,,,,1.0172626033783596,17:34:26.631635
369,25000,buy,2020-08-09,100.0,,,,,,,1.0173134747572727,17:34:27.772728
370,50000,buy,2020-08-09,100.0,,,,,,,1.0173987767088506,17:34:29.134674
371,100000,buy,2020-08-09,88.0,12.0,,,,,,1.0175613543925637,17:34:29.956891
372,200000,buy,2020-08-09,70.0,30.0,,,,,,1.0177891364780938,17:34:30.631742
373,500000,buy,2020-08-09,56.0,39.0,,5.0,,,,1.0183609122294086,17:34:31.346137
374,1000000,buy,2020-08-09,53.0,43.0,,3.0,,,1.0,1.0193121333251165,17:34:32.717549
375,1500000,buy,2020-08-09,52.0,43.0,,2.0,,,3.0,1.0203350176331687,17:34:33.411198
376,10000,sell,2020-08-09,,90.0,,,,,10.0,1.0169665973765536,17:34:34.121644
377,25000,sell,2020-08-09,,96.0,,,,,4.0,1.0168753918216435,17:34:35.583394
378,50000,sell,2020-08-09,,98.0,,,,,2.0,1.0167723433874505,17:34:36.842572
379,100000,sell,2020-08-09,14.0,85.0,,,,,1.0,1.0166000367562293,17:34:37.609816
380,200000,sell,2020-08-09,32.0,67.0,,,,,1.0,1.0163722090657878,17:34:38.754565
381,500000,sell,2020-08-09,43.0,56.0,,,,,1.0,1.0158468722552658,17:34:39.489680
382,1000000,sell,2020-08-09,44.0,52.0,,,,,4.0,1.0150896098570454,17:34:40.279481
383,1500000,sell,2020-08-09,43.0,49.0,,6.0,,,2.0,1.014406385426951,17:34:41.025192
384,10000,buy,2020-08-09,100.0,,,,,,,1.0172626033783596,17:35:41.794873
385,25000,buy,2020-08-09,100.0,,,,,,,1.0173134747572727,17:35:43.180318
386,50000,buy,2020-08-09,100.0,,,,,,,1.0173987767088506,17:35:44.768853
387,100000,buy,2020-08-09,88.0,12.0,,,,,,1.0175613543251136,17:35:46.290494
388,200000,buy,2020-08-09,70.0,30.0,,,,,,1.0177891363066927,17:35:47.116125
389,500000,buy,2020-08-09,56.0,39.0,,5.0,,,,1.0183609119959296,17:35:47.913957
390,1000000,buy,2020-08-09,53.0,43.0,,3.0,,,1.0,1.0193102092739725,17:35:49.193439
391,1500000,buy,2020-08-09,52.0,43.0,,2.0,,,3.0,1.0203339835487235,17:35:49.888124
392,10000,sell,2020-08-09,,90.0,,,,,10.0,1.0169665968744457,17:35:50.547427
393,25000,sell,2020-08-09,,96.0,,,,,4.0,1.0168753912888142,17:35:51.232406
394,50000,sell,2020-08-09,,96.0,,,,,4.0,1.0167755682296886,17:35:52.513469
395,100000,sell,2020-08-09,13.0,85.0,,,,,2.0,1.0166042469021337,17:35:53.283620
396,200000,sell,2020-08-09,32.0,67.0,,,,,1.0,1.01637917749094,17:35:54.661322
397,500000,sell,2020-08-09,43.0,56.0,,,,,1.0,1.015849661220896,17:35:55.410199
398,1000000,sell,2020-08-09,44.0,52.0,,,,,4.0,1.0150928332285603,17:35:56.020272
399,1500000,sell,2020-08-09,43.0,48.0,,6.0,,,3.0,1.0144211532389615,17:35:57.353720
400,10000,buy,2020-08-09,100.0,,,,,,,1.0172626033783596,17:36:58.098514
401,25000,buy,2020-08-09,100.0,,,,,,,1.0173134747572727,17:36:58.861563
402,50000,buy,2020-08-09,100.0,,,,,,,1.0173987767088506,17:37:00.169616
403,100000,buy,2020-08-09,88.0,12.0,,,,,,1.0175613541902138,17:37:00.898680
404,200000,buy,2020-08-09,70.0,30.0,,,,,,1.01778913596389,17:37:01.737041
405,500000,buy,2020-08-09,56.0,39.0,,5.0,,,,1.018360911528972,17:37:03.048234
406,1000000,buy,2020-08-09,53.0,43.0,,3.0,,,1.0,1.0193102087136268,17:37:03.832294
407,1500000,buy,2020-08-09,52.0,43.0,,2.0,,,3.0,1.020333982940546,17:37:04.548769
408,10000,sell,2020-08-09,,90.0,,,,,10.0,1.0169665958702303,17:37:05.965964
409,25000,sell,2020-08-09,,96.0,,,,,4.0,1.0168753902231555,17:37:07.455573
410,50000,sell,2020-08-09,,96.0,,,,,4.0,1.016775567172738,17:37:08.290124
411,100000,sell,2020-08-09,13.0,85.0,,,,,2.0,1.0166042469021337,17:37:09.620394
412,200000,sell,2020-08-09,32.0,67.0,,,,,1.0,1.01637917749094,17:37:11.103547
413,500000,sell,2020-08-09,43.0,56.0,,,,,1.0,1.015849661220896,17:37:12.358686
414,1000000,sell,2020-08-09,45.0,53.0,,,,,2.0,1.015072956622537,17:37:13.169869
415,1500000,sell,2020-08-09,43.0,49.0,,6.0,,,2.0,1.0143955676753962,17:37:14.043585
416,10000,buy,2020-08-09,100.0,,,,,,,1.0172953054541511,17:38:15.558862
417,25000,buy,2020-08-09,100.0,,,,,,,1.0173462045337576,17:38:16.760477
418,50000,buy,2020-08-09,100.0,,,,,,,1.0174315532534415,17:38:17.439259
419,100000,buy,2020-08-09,86.0,14.0,,,,,,1.0175899444132992,17:38:18.098046
420,200000,buy,2020-08-09,69.0,31.0,,,,,,1.0178119169491902,17:38:18.933779
421,500000,buy,2020-08-09,56.0,39.0,,5.0,,,,1.0183795298085254,17:38:19.639554
422,1000000,buy,2020-08-09,53.0,43.0,,3.0,,,1.0,1.019328139076505,17:38:20.925140
423,1500000,buy,2020-08-09,52.0,43.0,,2.0,,,3.0,1.020351925310596,17:38:22.240720
424,10000,sell,2020-08-09,,100.0,,,,,,1.0168989787171905,17:38:23.094445
425,25000,sell,2020-08-09,,100.0,,,,,,1.016843951929574,17:38:24.375036
426,50000,sell,2020-08-09,,98.0,,,,,2.0,1.0167563778490252,17:38:25.064812
427,100000,sell,2020-08-09,16.0,83.0,,,,,1.0,1.016596902685819,17:38:25.831567
428,200000,sell,2020-08-09,34.0,66.0,,,,,,1.0163782674648272,17:38:26.666302
429,500000,sell,2020-08-09,43.0,56.0,,,,,1.0,1.0158565698282167,17:38:27.936893
430,1000000,sell,2020-08-09,46.0,52.0,,,,,2.0,1.0150842944120115,17:38:28.698648
431,1500000,sell,2020-08-09,43.0,48.0,,6.0,,,3.0,1.014415617284204,17:38:29.310451
432,10000,buy,2020-08-09,100.0,,,,,,,1.0172953054541511,17:39:30.663867
433,25000,buy,2020-08-09,100.0,,,,,,,1.0173462045337576,17:39:32.124718
434,50000,buy,2020-08-09,100.0,,,,,,,1.0174315532534415,17:39:32.806189
435,100000,buy,2020-08-09,86.0,14.0,,,,,,1.0175899338219354,17:39:33.490739
436,200000,buy,2020-08-09,69.0,31.0,,,,,,1.017811893135912,17:39:34.259872
437,500000,buy,2020-08-09,56.0,39.0,,5.0,,,,1.0183794985308279,17:39:34.895099
438,1000000,buy,2020-08-09,53.0,43.0,,3.0,,,1.0,1.019328101745432,17:39:36.234845
439,1500000,buy,2020-08-09,52.0,43.0,,2.0,,,3.0,1.020351885000144,17:39:37.017815
440,10000,sell,2020-08-09,,90.0,,,,,10.0,1.0169665220470903,17:39:38.301651
441,25000,sell,2020-08-09,,96.0,,,,,4.0,1.0168753118593945,17:39:39.247959
442,50000,sell,2020-08-09,,96.0,,,,,4.0,1.016775489411749,17:39:40.540743
443,100000,sell,2020-08-09,16.0,82.0,,,,,2.0,1.016608845336538,17:39:41.207067
444,200000,sell,2020-08-09,33.0,66.0,,,,,1.0,1.0163896956911698,17:39:42.080430
445,500000,sell,2020-08-09,43.0,56.0,,,,,1.0,1.0158615595122913,17:39:42.891183
446,1000000,sell,2020-08-09,46.0,52.0,,,,,2.0,1.0150877724368048,17:39:44.496470
447,1500000,sell,2020-08-09,43.0,48.0,,6.0,,,3.0,1.0144200937389583,17:39:45.777324
448,10000,buy,2020-08-09,100.0,,,,,,,1.0172953054541511,17:40:46.774096
449,25000,buy,2020-08-09,100.0,,,,,,,1.0173462045337576,17:40:48.108470
450,50000,buy,2020-08-09,100.0,,,,,,,1.0174315532534415,17:40:49.434799
451,100000,buy,2020-08-09,86.0,14.0,,,,,,1.0175899334100371,17:40:50.195235
452,200000,buy,2020-08-09,69.0,31.0,,,,,,1.0178118922088388,17:40:51.490382
453,500000,buy,2020-08-09,56.0,39.0,,5.0,,,,1.0183794973095504,17:40:52.804354
454,1000000,buy,2020-08-09,53.0,43.0,,3.0,,,1.0,1.01932810027991,17:40:54.079687
455,1500000,buy,2020-08-09,52.0,43.0,,2.0,,,3.0,1.0203518834095229,17:40:55.484159
456,10000,sell,2020-08-09,,90.0,,,,,10.0,1.0169665194207678,17:40:56.207605
457,25000,sell,2020-08-09,,96.0,,,,,4.0,1.0168753090723808,17:40:57.502365
458,50000,sell,2020-08-09,,96.0,,,,,4.0,1.016775486647509,17:40:58.323934
459,100000,sell,2020-08-09,16.0,82.0,,,,,2.0,1.0166088430025155,17:40:59.515984
460,200000,sell,2020-08-09,33.0,66.0,,,,,1.0,1.0163896938438757,17:41:00.771131
461,500000,sell,2020-08-09,43.0,56.0,,,,,1.0,1.0158615580192591,17:41:02.134847
462,1000000,sell,2020-08-09,46.0,52.0,,,,,2.0,1.0150877711511375,17:41:02.741794
463,1500000,sell,2020-08-09,43.0,48.0,,6.0,,,3.0,1.0144200926211706,17:41:03.582148
464,10000,buy,2020-08-09,100.0,,,,,,,1.0172953054541511,17:42:04.443144
465,25000,buy,2020-08-09,100.0,,,,,,,1.0173462045337576,17:42:05.492444
466,50000,buy,2020-08-09,100.0,,,,,,,1.0174315532534415,17:42:06.412538
467,100000,buy,2020-08-09,86.0,14.0,,,,,,1.017589933034498,17:42:07.262714
468,200000,buy,2020-08-09,69.0,31.0,,,,,,1.0178118913636,17:42:08.168419
469,500000,buy,2020-08-09,56.0,39.0,,5.0,,,,1.018379496196077,17:42:09.574067
470,1000000,buy,2020-08-09,53.0,43.0,,3.0,,,1.0,1.019328098943752,17:42:11.036901
471,1500000,buy,2020-08-09,52.0,43.0,,2.0,,,3.0,1.0203518819593083,17:42:11.921526
472,10000,sell,2020-08-09,,90.0,,,,,10.0,1.0169665170262765,17:42:13.113114
473,25000,sell,2020-08-09,,96.0,,,,,4.0,1.0168753065313823,17:42:14.461230
474,50000,sell,2020-08-09,,96.0,,,,,4.0,1.0167754841272747,17:42:15.239118
475,100000,sell,2020-08-09,16.0,82.0,,,,,2.0,1.016608840874522,17:42:16.831632
476,200000,sell,2020-08-09,33.0,66.0,,,,,1.0,1.0163896921596463,17:42:17.457363
477,500000,sell,2020-08-09,43.0,56.0,,,,,1.0,1.0158615566580202,17:42:18.742066
478,1000000,sell,2020-08-09,46.0,52.0,,,,,2.0,1.0150877699789589,17:42:20.010190
479,1500000,sell,2020-08-09,43.0,48.0,,6.0,,,3.0,1.014420091602053,17:42:20.777997
480,10000,buy,2020-08-09,100.0,,,,,,,1.0172953054541511,17:43:22.270281
481,25000,buy,2020-08-09,100.0,,,,,,,1.0173462045337576,17:43:23.597854
482,50000,buy,2020-08-09,100.0,,,,,,,1.0174315532534415,17:43:24.314625
483,100000,buy,2020-08-09,86.0,14.0,,,,,,1.0175899325257032,17:43:24.979412
484,200000,buy,2020-08-09,69.0,31.0,,,,,,1.0178118902184385,17:43:26.252005
485,500000,buy,2020-08-09,56.0,39.0,,5.0,,,,1.018379494687501,17:43:27.248683
486,1000000,buy,2020-08-09,53.0,42.0,,3.0,,,2.0,1.0193186800937848,17:43:28.528274
487,1500000,buy,2020-08-09,52.0,43.0,,2.0,,,3.0,1.020345379769253,17:43:29.785869
488,10000,sell,2020-08-09,,90.0,,,,,10.0,1.016966513782128,17:43:30.575616
489,25000,sell,2020-08-09,,96.0,,,,,4.0,1.0168753030887407,17:43:31.264396
490,50000,sell,2020-08-09,,96.0,,,,,4.0,1.0167754807127647,17:43:32.660950
491,100000,sell,2020-08-09,16.0,82.0,,,,,2.0,1.0166088379914346,17:43:33.741604
492,200000,sell,2020-08-09,33.0,66.0,,,,,1.0,1.016389689877788,17:43:34.494361
493,500000,sell,2020-08-09,43.0,56.0,,,,,1.0,1.0158615548137617,17:43:35.657989
494,1000000,sell,2020-08-09,46.0,52.0,,,,,2.0,1.0150877677669456,17:43:36.915584
495,1500000,sell,2020-08-09,43.0,48.0,,6.0,,,3.0,1.0144200896788804,17:43:38.196175
496,10000,buy,2020-08-09,99.0,,,,,1.0,,1.0172884540052722,17:44:39.005633
497,25000,buy,2020-08-09,99.0,,,,,1.0,,1.017345872587614,17:44:39.682853
498,50000,buy,2020-08-09,100.0,,,,,,,1.0174315532534415,17:44:40.957823
499,100000,buy,2020-08-09,86.0,14.0,,,,,,1.0175899319018238,17:44:41.904352
500,200000,buy,2020-08-09,69.0,31.0,,,,,,1.017811888814253,17:44:44.836543
501,500000,buy,2020-08-09,56.0,39.0,,5.0,,,,1.0183794928377004,17:44:45.835957
502,1000000,buy,2020-08-09,52.0,42.0,,3.0,,,3.0,1.0193161118019989,17:44:46.647838
503,1500000,buy,2020-08-09,52.0,43.0,,2.0,,1.0,2.0,1.0203491699163365,17:44:47.983240
504,10000,sell,2020-08-09,,90.0,,,,,10.0,1.0169665098041858,17:44:49.246661
505,25000,sell,2020-08-09,,96.0,,,,,4.0,1.016875298867408,17:44:50.577356
506,50000,sell,2020-08-09,,96.0,,,,,4.0,1.0167754765259267,17:44:51.307664
507,100000,sell,2020-08-09,16.0,82.0,,,,,2.0,1.0166088344562225,17:44:52.095974
508,200000,sell,2020-08-09,33.0,66.0,,,,,1.0,1.016389687079796,17:44:53.344302
509,500000,sell,2020-08-09,43.0,56.0,,,,,1.0,1.0158615525523504,17:44:54.726345
510,1000000,sell,2020-08-09,46.0,52.0,,,,,2.0,1.0150877664435194,17:44:55.538873
511,1500000,sell,2020-08-09,43.0,48.0,,6.0,,,3.0,1.0144200885282646,17:44:56.720330
512,10000,buy,2020-08-09,99.0,,,,,1.0,,1.0172879438251443,17:45:58.094170
513,25000,buy,2020-08-09,99.0,,,,,1.0,,1.017345362915959,17:45:59.582086
514,50000,buy,2020-08-09,100.0,,,,,,,1.0174315532534415,17:46:00.963625
515,100000,buy,2020-08-09,86.0,14.0,,,,,,1.0175899315020567,17:46:01.838102
516,200000,buy,2020-08-09,69.0,31.0,,,,,,1.017811887914484,17:46:02.767315
517,500000,buy,2020-08-09,56.0,39.0,,5.0,,,,1.0183794916523916,17:46:03.724144
518,1000000,buy,2020-08-09,52.0,41.0,,3.0,,,4.0,1.0193136154732314,17:46:04.571057
519,1500000,buy,2020-08-09,52.0,43.0,,2.0,,,3.0,1.0203365409415166,17:46:06.114652
520,10000,sell,2020-08-09,,90.0,,,,,10.0,1.0169665072552139,17:46:06.955166
521,25000,sell,2020-08-09,,96.0,,,,,4.0,1.0168752961624774,17:46:07.804221
522,50000,sell,2020-08-09,,96.0,,,,,4.0,1.0167754738430994,17:46:09.328299
523,100000,sell,2020-08-09,16.0,82.0,,,,,2.0,1.0166088321909414,17:46:10.254053
524,200000,sell,2020-08-09,33.0,66.0,,,,,1.0,1.0163896852869088,17:46:11.584738
525,500000,sell,2020-08-09,43.0,56.0,,,,,1.0,1.0158615511032913,17:46:12.925736
526,1000000,sell,2020-08-09,46.0,52.0,,,,,2.0,1.0150877651957178,17:46:14.328969
527,1500000,sell,2020-08-09,43.0,48.0,,6.0,,,3.0,1.0144200874433986,17:46:15.058229
528,10000,buy,2020-08-09,99.0,,,,,1.0,,1.0172879438251443,17:47:16.807800
529,25000,buy,2020-08-09,99.0,,,,,1.0,,1.017345362915959,17:47:17.599762
530,50000,buy,2020-08-09,100.0,,,,,,,1.0174315532534415,17:47:19.111332
531,100000,buy,2020-08-09,86.0,14.0,,,,,,1.0175899311446892,17:47:20.460190
532,200000,buy,2020-08-09,69.0,31.0,,,,,,1.0178118871101451,17:47:21.269319
533,500000,buy,2020-08-09,56.0,39.0,,5.0,,,,1.0183794905927974,17:47:22.008988
534,1000000,buy,2020-08-09,52.0,41.0,,3.0,,,4.0,1.019313614269631,17:47:23.099154
535,1500000,buy,2020-08-09,52.0,43.0,,2.0,,,3.0,1.02033653921067,17:47:24.267151
536,10000,sell,2020-08-09,,90.0,,,,,10.0,1.0169665043972766,17:47:24.960073
537,25000,sell,2020-08-09,,96.0,,,,,4.0,1.0168752931296772,17:47:26.336064
538,50000,sell,2020-08-09,,96.0,,,,,4.0,1.0167754708350822,17:47:27.734994
539,100000,sell,2020-08-09,16.0,82.0,,,,,2.0,1.016608829651082,17:47:29.070705
540,200000,sell,2020-08-09,33.0,66.0,,,,,1.0,1.0163896832767023,17:47:30.279059
541,500000,sell,2020-08-09,43.0,56.0,,,,,1.0,1.0158604639685893,17:47:31.094116
542,1000000,sell,2020-08-09,45.0,52.0,,,,,3.0,1.015091323628616,17:47:32.433094
543,1500000,sell,2020-08-09,43.0,49.0,,6.0,,,2.0,1.0144146628007271,17:47:33.718997
544,10000,buy,2020-08-09,99.0,,,,,1.0,,1.0172879438251443,17:48:35.122310
545,25000,buy,2020-08-09,99.0,,,,,1.0,,1.017345362915959,17:48:35.791094
546,50000,buy,2020-08-09,100.0,,,,,,,1.0174315532534415,17:48:36.692805
547,100000,buy,2020-08-09,86.0,14.0,,,,,,1.0175899306237552,17:48:38.019380
548,200000,buy,2020-08-09,69.0,31.0,,,,,,1.0178118859376617,17:48:39.465916
549,500000,buy,2020-08-09,56.0,39.0,,5.0,,,,1.0183794890482292,17:48:40.376625
550,1000000,buy,2020-08-09,52.0,41.0,,3.0,,,4.0,1.0193136125151456,17:48:41.640219
551,1500000,buy,2020-08-09,52.0,43.0,,2.0,,,3.0,1.0203365375498956,17:48:42.528934
552,10000,sell,2020-08-09,,90.0,,,,,10.0,1.0169665016550387,17:48:43.583597
553,25000,sell,2020-08-09,,96.0,,,,,4.0,1.0168752902196554,17:48:45.003140
554,50000,sell,2020-08-09,,96.0,,,,,4.0,1.0167754679488394,17:48:45.718911
555,100000,sell,2020-08-09,16.0,82.0,,,,,2.0,1.0166088272140443,17:48:46.975509
556,200000,sell,2020-08-09,33.0,66.0,,,,,1.0,1.0163845333478756,17:48:48.115142
557,500000,sell,2020-08-09,43.0,56.0,,,,,1.0,1.01586108171966,17:48:49.526746
558,1000000,sell,2020-08-09,45.0,51.0,,,,,4.0,1.0150942062574966,17:48:50.745454
559,1500000,sell,2020-08-09,43.0,49.0,,6.0,,,2.0,1.01441542280784,17:48:51.668543
560,10000,buy,2020-08-09,99.0,,,,,1.0,,1.0172879438251443,17:49:52.596151
561,25000,buy,2020-08-09,99.0,,,,,1.0,,1.017345362915959,17:49:53.996661
562,50000,buy,2020-08-09,100.0,,,,,,,1.0174315532534415,17:49:55.325459
563,100000,buy,2020-08-09,86.0,14.0,,,,,,1.0175899301694475,17:49:56.064674
564,200000,buy,2020-08-09,69.0,31.0,,,,,,1.0178118849151367,17:49:56.971422
565,500000,buy,2020-08-09,56.0,39.0,,5.0,,,,1.0183794877012085,17:49:58.364069
566,1000000,buy,2020-08-09,52.0,41.0,,3.0,,,4.0,1.019315892701928,17:49:59.269038
567,1500000,buy,2020-08-09,52.0,43.0,,2.0,,,3.0,1.0203405183678615,17:50:00.533266
568,10000,sell,2020-08-09,,90.0,,,,,10.0,1.016966498758309,17:50:02.156381
569,25000,sell,2020-08-09,,96.0,,,,,4.0,1.0168752871456894,17:50:03.606021
570,50000,sell,2020-08-09,,98.0,,,,,2.0,1.0167722374001038,17:50:05.173214
571,100000,sell,2020-08-09,16.0,83.0,,,,,1.0,1.0166047994868435,17:50:06.521887
572,200000,sell,2020-08-09,33.0,66.0,,,,,1.0,1.0163854243103834,17:50:08.870571
573,500000,sell,2020-08-09,43.0,56.0,,,,,1.0,1.0158619730729042,17:50:10.455329
574,1000000,sell,2020-08-09,45.0,51.0,,,,,4.0,1.0150946513624595,17:50:11.323165
575,1500000,sell,2020-08-09,43.0,49.0,,6.0,,,2.0,1.0144157192214573,17:50:12.224721
576,10000,buy,2020-08-09,100.0,,,,,,,1.0173098082995005,17:51:13.725251
577,25000,buy,2020-08-09,100.0,,,,,,,1.0173607721530769,17:51:14.706368
578,50000,buy,2020-08-09,100.0,,,,,,,1.0174462298232698,17:51:16.183074
579,100000,buy,2020-08-09,85.0,15.0,,,,,,1.0176025923449512,17:51:17.585162
580,200000,buy,2020-08-09,68.0,32.0,,,,,,1.0178221345097647,17:51:18.975797
581,500000,buy,2020-08-09,56.0,39.0,,5.0,,,,1.0183883030280865,17:51:19.727195
582,1000000,buy,2020-08-09,51.0,42.0,,3.0,,,4.0,1.0193228539106614,17:51:21.163628
583,1500000,buy,2020-08-09,52.0,43.0,,2.0,,,3.0,1.020346537500753,17:51:21.905443
584,10000,sell,2020-08-09,,90.0,,,,,10.0,1.016966494437074,17:51:23.484099
585,25000,sell,2020-08-09,,96.0,,,,,4.0,1.0168752825600693,17:51:24.197765
586,50000,sell,2020-08-09,,96.0,,,,,4.0,1.016775460351859,17:51:25.094039
587,100000,sell,2020-08-09,17.0,81.0,,,,,2.0,1.0166111295470128,17:51:25.819470
588,200000,sell,2020-08-09,34.0,65.0,,,,,1.0,1.016394379712472,17:51:27.132791
589,500000,sell,2020-08-09,43.0,56.0,,,,,1.0,1.0158662841720323,17:51:28.448505
590,1000000,sell,2020-08-09,45.0,51.0,,,,,4.0,1.015103967068605,17:51:29.805886
591,1500000,sell,2020-08-09,43.0,48.0,,6.0,,,3.0,1.0144337145426894,17:51:30.927260
592,10000,buy,2020-08-09,100.0,,,,,,,1.0173098082995005,17:52:31.763683
593,25000,buy,2020-08-09,100.0,,,,,,,1.0173607721530769,17:52:32.752728
594,50000,buy,2020-08-09,100.0,,,,,,,1.0174462298232698,17:52:33.605529
595,100000,buy,2020-08-09,87.0,13.0,,,,,,1.017607506637554,17:52:35.095248
596,200000,buy,2020-08-09,69.0,31.0,,,,,,1.0178333086509284,17:52:36.458863
597,500000,buy,2020-08-09,56.0,39.0,,5.0,,,,1.0184025626682258,17:52:37.218899
598,1000000,buy,2020-08-09,53.0,42.0,,3.0,,,2.0,1.0193445359607272,17:52:38.796190
599,1500000,buy,2020-08-09,52.0,43.0,,2.0,,,3.0,1.0203751155674794,17:52:40.056557
600,10000,sell,2020-08-09,,100.0,,,,,,1.0169339029969398,17:52:41.380781
601,25000,sell,2020-08-09,,100.0,,,,,,1.016878767308796,17:52:42.068053
602,50000,sell,2020-08-09,,98.0,,,,,2.0,1.0167903275608414,17:52:42.830184
603,100000,sell,2020-08-09,15.0,84.0,,,,,1.0,1.0166278781090503,17:52:44.378490
604,200000,sell,2020-08-09,33.0,67.0,,,,,,1.0164057244372307,17:52:45.013186
605,500000,sell,2020-08-09,43.0,56.0,,,,,1.0,1.0158794295536167,17:52:45.761449
606,1000000,sell,2020-08-09,44.0,52.0,,,,,4.0,1.0151138928564827,17:52:47.017627
607,1500000,sell,2020-08-09,43.0,48.0,,6.0,,,3.0,1.0144390516977293,17:52:48.684610
608,10000,buy,2020-08-09,100.0,,,,,,,1.0173098082995005,17:53:49.749603
609,25000,buy,2020-08-09,100.0,,,,,,,1.0173607721530769,17:53:51.097264
610,50000,buy,2020-08-09,100.0,,,,,,,1.0174462298232698,17:53:52.366566
611,100000,buy,2020-08-09,87.0,13.0,,,,,,1.0176075062038414,17:53:53.031011
612,200000,buy,2020-08-09,69.0,31.0,,,,,,1.017833307599313,17:53:53.914974
613,500000,buy,2020-08-09,56.0,39.0,,5.0,,,,1.018402561282879,17:53:54.910846
614,1000000,buy,2020-08-09,53.0,42.0,,3.0,,,2.0,1.0193445343428715,17:53:56.215135
615,1500000,buy,2020-08-09,52.0,42.0,,2.0,,1.0,3.0,1.0204271373170397,17:53:56.971214
616,10000,sell,2020-08-09,,90.0,,,,,10.0,1.0171087374213847,17:53:58.277201
617,25000,sell,2020-08-09,,96.0,,,,,4.0,1.017026342733018,17:53:58.994900
618,50000,sell,2020-08-09,,96.0,,,,,4.0,1.016925466599944,17:54:00.317056
619,100000,sell,2020-08-09,6.0,92.0,,,,,2.0,1.0167453689975838,17:54:01.617391
620,200000,sell,2020-08-09,28.0,71.0,,,,,1.0,1.016498146061351,17:54:02.971221
621,500000,sell,2020-08-09,41.0,58.0,,,,,1.0,1.0159493465593281,17:54:03.814731
622,1000000,sell,2020-08-09,44.0,52.0,,,,,4.0,1.0151724854389141,17:54:04.759121
623,1500000,sell,2020-08-09,42.0,49.0,,6.0,,,3.0,1.0144949526024354,17:54:06.137247
624,10000,buy,2020-08-09,100.0,,,,,,,1.0173098082995005,17:55:07.732181
625,25000,buy,2020-08-09,100.0,,,,,,,1.0173607721530769,17:55:09.440382
626,50000,buy,2020-08-09,100.0,,,,,,,1.0174462298232698,17:55:10.442908
627,100000,buy,2020-08-09,96.0,4.0,,,,,,1.0176179007764234,17:55:11.705472
628,200000,buy,2020-08-09,74.0,26.0,,,,,,1.0178692933997495,17:55:12.671395
629,500000,buy,2020-08-09,58.0,37.0,,5.0,,,,1.018452608094305,17:55:13.656779
630,1000000,buy,2020-08-09,54.0,41.0,,3.0,,,2.0,1.0194038281240763,17:55:14.986971
631,1500000,buy,2020-08-09,52.0,43.0,,2.0,,,3.0,1.0204409664752097,17:55:15.726882
632,10000,sell,2020-08-09,,90.0,,,,,10.0,1.0171087357386241,17:55:17.390642
633,25000,sell,2020-08-09,,96.0,,,,,4.0,1.0170263409473275,17:55:18.778922
634,50000,sell,2020-08-09,,96.0,,,,,4.0,1.016925464828892,17:55:19.547050
635,100000,sell,2020-08-09,6.0,92.0,,,,,2.0,1.0167453673255413,17:55:20.459330
636,200000,sell,2020-08-09,28.0,71.0,,,,,1.0,1.0164981447924926,17:55:22.017093
637,500000,sell,2020-08-09,41.0,58.0,,,,,1.0,1.0159493445617345,17:55:23.501923
638,1000000,sell,2020-08-09,44.0,52.0,,,,,4.0,1.0151724837730642,17:55:24.345577
639,1500000,sell,2020-08-09,42.0,49.0,,6.0,,,3.0,1.0144949511306702,17:55:25.258174
640,10000,buy,2020-08-09,100.0,,,,,,,1.0173098082995005,17:56:26.654086
641,25000,buy,2020-08-09,100.0,,,,,,,1.0173607721530769,17:56:27.670396
642,50000,buy,2020-08-09,100.0,,,,,,,1.0174462298232698,17:56:28.433500
643,100000,buy,2020-08-09,96.0,4.0,,,,,,1.0176179006418924,17:56:29.681338
644,200000,buy,2020-08-09,74.0,26.0,,,,,,1.017869292510845,17:56:30.585024
645,500000,buy,2020-08-09,59.0,36.0,,5.0,,,,1.0184999396953023,17:56:31.305177
646,1000000,buy,2020-08-09,54.0,41.0,,3.0,,,2.0,1.019459729593598,17:56:32.672037
647,1500000,buy,2020-08-09,53.0,42.0,,2.0,,,3.0,1.0205014843834213,17:56:33.953231
648,10000,sell,2020-08-09,,90.0,,,,,10.0,1.017220973012343,17:56:34.802970
649,25000,sell,2020-08-09,,96.0,,,,,4.0,1.0171456841612665,17:56:35.595189
650,50000,sell,2020-08-09,,98.0,,,,,2.0,1.0170465120811703,17:56:36.906444
651,100000,sell,2020-08-09,,98.0,,,,,2.0,1.0168630814348183,17:56:37.792194
652,200000,sell,2020-08-09,24.0,75.0,,,,,1.0,1.0165866137596522,17:56:39.099153
653,500000,sell,2020-08-09,39.0,60.0,,,,,1.0,1.01601793268782,17:56:39.843253
654,1000000,sell,2020-08-09,44.0,55.0,,,,,1.0,1.015211371387225,17:56:40.655738
655,1500000,sell,2020-08-09,43.0,51.0,,6.0,,,,1.014501822739195,17:56:41.908195
656,10000,buy,2020-08-09,34.0,,,,,66.0,,1.0159689428875691,17:57:42.613320
657,25000,buy,2020-08-09,73.0,,,,,27.0,,1.0167968459585315,17:57:43.625374
658,50000,buy,2020-08-09,86.0,,,,,14.0,,1.0171405921666912,17:57:45.015015
659,100000,buy,2020-08-09,92.0,,,,,8.0,,1.017441406689929,17:57:46.305137
660,200000,buy,2020-08-09,76.0,20.0,,,,4.0,,1.0177945655201939,17:57:47.034330
661,500000,buy,2020-08-09,58.0,35.0,,5.0,,2.0,,1.0184383826170784,17:57:48.440819
662,1000000,buy,2020-08-09,54.0,40.0,,3.0,,1.0,2.0,1.0194084484761838,17:57:49.222478
663,1500000,buy,2020-08-09,52.0,42.0,,2.0,,1.0,3.0,1.0204427133101774,17:57:50.488121
664,10000,sell,2020-08-09,,90.0,,,,,10.0,1.017220970567311,17:57:51.195152
665,25000,sell,2020-08-09,,96.0,,,,,4.0,1.0171456815666748,17:57:52.483714
666,50000,sell,2020-08-09,,98.0,,,,,2.0,1.0170465094551295,17:57:53.250750
667,100000,sell,2020-08-09,,98.0,,,,,2.0,1.016863078852141,17:57:54.552247
668,200000,sell,2020-08-09,24.0,75.0,,,,,1.0,1.0165866118173223,17:57:55.485369
669,500000,sell,2020-08-09,39.0,60.0,,,,,1.0,1.016018003718536,17:57:56.245204
670,1000000,sell,2020-08-09,44.0,54.0,,,,,2.0,1.0152252683593666,17:57:57.388769
671,1500000,sell,2020-08-09,42.0,50.0,,5.0,,,3.0,1.0145414373907786,17:57:58.673847
672,10000,buy,2020-08-10,,100.0,,,,,,1.0161465032646635,09:06:43.024944
673,25000,buy,2020-08-10,2.0,98.0,,,,,,1.0161990879788536,09:06:43.955334
674,50000,buy,2020-08-10,28.0,72.0,,,,,,1.0162618354196558,09:06:44.604006
675,100000,buy,2020-08-10,41.0,59.0,,,,,,1.0163551760006777,09:06:45.926926
676,200000,buy,2020-08-10,47.0,53.0,,,,,,1.0165277401457846,09:06:47.458929
677,500000,buy,2020-08-10,52.0,48.0,,,,,,1.0170507928579136,09:06:48.233957
678,1000000,buy,2020-08-10,51.0,45.0,,3.0,,,1.0,1.0179578818888715,09:06:49.608053
679,1500000,buy,2020-08-10,52.0,44.0,,2.0,,,2.0,1.018908865159033,09:06:50.964899
680,10000,sell,2020-08-10,100.0,,,,,,,1.0154366487226523,09:06:51.949703
681,25000,sell,2020-08-10,94.0,,,,,,6.0,1.0154475975847068,09:06:53.218781
682,50000,sell,2020-08-10,77.0,19.0,,,,,4.0,1.0153605620639088,09:06:54.616940
683,100000,sell,2020-08-10,65.0,33.0,,,,,2.0,1.0152555164850134,09:06:55.401904
684,200000,sell,2020-08-10,59.0,40.0,,,,,1.0,1.0150829129715868,09:06:56.144793
685,500000,sell,2020-08-10,55.0,44.0,,,,,1.0,1.0146137906711539,09:06:57.445230
686,1000000,sell,2020-08-10,50.0,42.0,,7.0,,,1.0,1.013912287985128,09:06:58.697761
687,1500000,sell,2020-08-10,47.0,41.0,,11.0,,,1.0,1.01333004899539,09:07:00.298742
688,10000,buy,2020-08-10,,100.0,,,,,,1.016146502001887,09:07:42.081983
689,25000,buy,2020-08-10,2.0,98.0,,,,,,1.01619908673401,09:07:43.470783
690,50000,buy,2020-08-10,28.0,72.0,,,,,,1.0162618345007373,09:07:44.710773
691,100000,buy,2020-08-10,41.0,59.0,,,,,,1.0163551752405335,09:07:46.283791
692,200000,buy,2020-08-10,47.0,53.0,,,,,,1.0165277394495662,09:07:47.019980
693,500000,buy,2020-08-10,52.0,48.0,,,,,,1.017050792190733,09:07:48.317581
694,1000000,buy,2020-08-10,51.0,45.0,,3.0,,,1.0,1.0179573856640975,09:07:49.097114
695,1500000,buy,2020-08-10,52.0,44.0,,2.0,,,2.0,1.0189081951886714,09:07:49.875681
696,10000,sell,2020-08-10,90.0,,,,,,10.0,1.0155701702257924,09:07:50.678359
697,25000,sell,2020-08-10,94.0,,,,,,6.0,1.0154475975847068,09:07:52.194592
698,50000,sell,2020-08-10,77.0,19.0,,,,,4.0,1.015360561915653,09:07:53.703170
699,100000,sell,2020-08-10,65.0,33.0,,,,,2.0,1.0152555162300028,09:07:54.436244
700,200000,sell,2020-08-10,59.0,40.0,,,,,1.0,1.015082912668374,09:07:55.908730
701,500000,sell,2020-08-10,55.0,44.0,,,,,1.0,1.014613790355812,09:07:56.607594
702,1000000,sell,2020-08-10,50.0,42.0,,7.0,,,1.0,1.0139125402972933,09:07:57.500797
703,1500000,sell,2020-08-10,47.0,41.0,,11.0,,,1.0,1.0133427885871396,09:07:58.865220
704,10000,buy,2020-08-10,,100.0,,,,,,1.016146502001887,09:08:01.671641
705,25000,buy,2020-08-10,2.0,98.0,,,,,,1.01619908673401,09:08:02.760931
706,50000,buy,2020-08-10,28.0,72.0,,,,,,1.0162618345007373,09:08:03.790819
707,100000,buy,2020-08-10,41.0,59.0,,,,,,1.0163551752405335,09:08:05.195386
708,200000,buy,2020-08-10,47.0,53.0,,,,,,1.0165277394495662,09:08:06.725355
709,500000,buy,2020-08-10,52.0,48.0,,,,,,1.017050792190733,09:08:07.692934
710,1000000,buy,2020-08-10,51.0,45.0,,3.0,,,1.0,1.0179573856640975,09:08:09.253625
711,1500000,buy,2020-08-10,52.0,44.0,,2.0,,,2.0,1.0189081951886714,09:08:10.183971
712,10000,sell,2020-08-10,90.0,,,,,,10.0,1.0155701702257924,09:08:11.497579
713,25000,sell,2020-08-10,94.0,,,,,,6.0,1.0154475975847068,09:08:13.574022
714,50000,sell,2020-08-10,77.0,19.0,,,,,4.0,1.0153605618600572,09:08:14.360661
715,100000,sell,2020-08-10,65.0,33.0,,,,,2.0,1.0152555161343737,09:08:15.699233
716,200000,sell,2020-08-10,59.0,40.0,,,,,1.0,1.0150829125546692,09:08:17.135772
717,500000,sell,2020-08-10,55.0,44.0,,,,,1.0,1.0146137902375585,09:08:17.884531
718,1000000,sell,2020-08-10,50.0,42.0,,7.0,,,1.0,1.0139125401927906,09:08:19.203109
719,1500000,sell,2020-08-10,47.0,41.0,,11.0,,,1.0,1.0133427884922108,09:08:20.541680
720,10000,buy,2020-08-10,,100.0,,,,,,1.0161465010343054,09:08:59.517690
721,25000,buy,2020-08-10,2.0,98.0,,,,,,1.016199085780169,09:09:00.788282
722,50000,buy,2020-08-10,28.0,72.0,,,,,,1.0162618337966307,09:09:02.211227
723,100000,buy,2020-08-10,41.0,59.0,,,,,,1.0163551746580852,09:09:03.802111
724,200000,buy,2020-08-10,47.0,53.0,,,,,,1.0165277389161005,09:09:05.152131
725,500000,buy,2020-08-10,52.0,48.0,,,,,,1.0170507916795168,09:09:06.199132
726,1000000,buy,2020-08-10,51.0,45.0,,3.0,,,1.0,1.0179573851385433,09:09:07.541366
727,1500000,buy,2020-08-10,52.0,44.0,,2.0,,,2.0,1.0189081946225071,09:09:08.499532
728,10000,sell,2020-08-10,90.0,,,,,,10.0,1.0155701702257924,09:09:09.436699
729,25000,sell,2020-08-10,94.0,,,,,,6.0,1.0154475975847068,09:09:10.228834
730,50000,sell,2020-08-10,77.0,19.0,,,,,4.0,1.015360561733422,09:09:10.975708
731,100000,sell,2020-08-10,65.0,33.0,,,,,2.0,1.015255515916552,09:09:12.460661
732,200000,sell,2020-08-10,59.0,40.0,,,,,1.0,1.015082912295675,09:09:13.740468
733,500000,sell,2020-08-10,55.0,44.0,,,,,1.0,1.0146137899682042,09:09:14.779135
734,1000000,sell,2020-08-10,50.0,42.0,,7.0,,,1.0,1.0139105004911333,09:09:15.857836
735,1500000,sell,2020-08-10,47.0,41.0,,11.0,,,1.0,1.013335674324413,09:09:16.733860
736,10000,buy,2020-08-10,,100.0,,,,,,1.0161465010343054,09:09:21.983926
737,25000,buy,2020-08-10,2.0,98.0,,,,,,1.016199085780169,09:09:22.707954
738,50000,buy,2020-08-10,28.0,72.0,,,,,,1.0162618337966307,09:09:23.748873
739,100000,buy,2020-08-10,41.0,59.0,,,,,,1.0163551746580852,09:09:25.070072
740,200000,buy,2020-08-10,47.0,53.0,,,,,,1.0165277389161005,09:09:26.457123
741,500000,buy,2020-08-10,52.0,48.0,,,,,,1.0170507916795168,09:09:27.766847
742,1000000,buy,2020-08-10,51.0,45.0,,3.0,,,1.0,1.0179573851385433,09:09:28.450943
743,1500000,buy,2020-08-10,52.0,44.0,,2.0,,,2.0,1.0189081946225071,09:09:29.211932
744,10000,sell,2020-08-10,90.0,,,,,,10.0,1.0155701702257924,09:09:30.619071
745,25000,sell,2020-08-10,94.0,,,,,,6.0,1.0154475975847068,09:09:31.399949
746,50000,sell,2020-08-10,77.0,19.0,,,,,4.0,1.015360561733422,09:09:32.858512
747,100000,sell,2020-08-10,65.0,33.0,,,,,2.0,1.015255515916552,09:09:33.559545
748,200000,sell,2020-08-10,59.0,40.0,,,,,1.0,1.015082912295675,09:09:34.757555
749,500000,sell,2020-08-10,55.0,44.0,,,,,1.0,1.0146137899682042,09:09:36.215022
750,1000000,sell,2020-08-10,50.0,42.0,,7.0,,,1.0,1.0139105004911333,09:09:36.890925
751,1500000,sell,2020-08-10,47.0,41.0,,11.0,,,1.0,1.013335674324413,09:09:37.625614
752,10000,buy,2020-08-10,,100.0,,,,,,1.0161464998043943,09:10:18.311749
753,25000,buy,2020-08-10,2.0,98.0,,,,,,1.016199084567724,09:10:18.967930
754,50000,buy,2020-08-10,28.0,72.0,,,,,,1.0162618329016282,09:10:19.652807
755,100000,buy,2020-08-10,41.0,59.0,,,,,,1.0163551739177243,09:10:21.077783
756,200000,buy,2020-08-10,47.0,53.0,,,,,,1.0165277382380014,09:10:21.853668
757,500000,buy,2020-08-10,52.0,48.0,,,,,,1.017050790587845,09:10:23.257511
758,1000000,buy,2020-08-10,51.0,45.0,,3.0,,,1.0,1.0179573840162497,09:10:24.575528
759,1500000,buy,2020-08-10,52.0,44.0,,2.0,,,2.0,1.0189104027751783,09:10:25.236653
760,10000,sell,2020-08-10,90.0,,,,,,10.0,1.0155701702257924,09:10:27.047628
761,25000,sell,2020-08-10,94.0,,,,,,6.0,1.0154475975847068,09:10:27.758924
762,50000,sell,2020-08-10,77.0,19.0,,,,,4.0,1.0153605613442798,09:10:29.052724
763,100000,sell,2020-08-10,65.0,33.0,,,,,2.0,1.0152555152471991,09:10:29.850550
764,200000,sell,2020-08-10,59.0,40.0,,,,,1.0,1.0150829114998023,09:10:30.548505
765,500000,sell,2020-08-10,55.0,44.0,,,,,1.0,1.0146137891404963,09:10:31.959673
766,1000000,sell,2020-08-10,50.0,42.0,,7.0,,,1.0,1.013912026491094,09:10:33.458046
767,1500000,sell,2020-08-10,47.0,41.0,,11.0,,,1.0,1.0133423884332355,09:10:34.316113
768,10000,buy,2020-08-10,,100.0,,,,,,1.0161464988041193,09:10:38.392423
769,25000,buy,2020-08-10,2.0,98.0,,,,,,1.0161990835816535,09:10:39.726706
770,50000,buy,2020-08-10,28.0,72.0,,,,,,1.0162618321737305,09:10:41.047815
771,100000,buy,2020-08-10,41.0,59.0,,,,,,1.0163551733155956,09:10:42.594812
772,200000,buy,2020-08-10,47.0,53.0,,,,,,1.0165277376865094,09:10:43.952024
773,500000,buy,2020-08-10,52.0,48.0,,,,,,1.017050790501207,09:10:44.696217
774,1000000,buy,2020-08-10,52.0,45.0,,3.0,,,,1.017960902675265,09:10:46.045299
775,1500000,buy,2020-08-10,53.0,45.0,,2.0,,,,1.0189507502368538,09:10:46.794057
776,10000,sell,2020-08-10,90.0,,,,,,10.0,1.0155701702257924,09:10:47.511808
777,25000,sell,2020-08-10,94.0,,,,,,6.0,1.0154475975847068,09:10:48.187804
778,50000,sell,2020-08-10,77.0,19.0,,,,,4.0,1.0153605613133962,09:10:49.614692
779,100000,sell,2020-08-10,65.0,33.0,,,,,2.0,1.0152555151940776,09:10:50.887550
780,200000,sell,2020-08-10,59.0,40.0,,,,,1.0,1.0150829114366398,09:10:52.280645
781,500000,sell,2020-08-10,55.0,44.0,,,,,1.0,1.0146137890748073,09:10:53.431635
782,1000000,sell,2020-08-10,50.0,42.0,,7.0,,,1.0,1.0139120264330435,09:10:54.592769
783,1500000,sell,2020-08-10,47.0,41.0,,11.0,,,1.0,1.0133423883805035,09:10:55.398683
784,10000,buy,2020-08-10,,100.0,,,,,,1.0161464979186303,09:11:35.736564
785,25000,buy,2020-08-10,2.0,98.0,,,,,,1.016199082708739,09:11:37.014851
786,50000,buy,2020-08-10,28.0,72.0,,,,,,1.0162618315293621,09:11:37.704840
787,100000,buy,2020-08-10,41.0,59.0,,,,,,1.0163551727825635,09:11:38.905555
788,200000,buy,2020-08-10,47.0,53.0,,,,,,1.0165277371983035,09:11:40.164703
789,500000,buy,2020-08-10,52.0,48.0,,,,,,1.0170507900333616,09:11:41.727720
790,1000000,buy,2020-08-10,51.0,45.0,,3.0,,,1.0,1.0179577596890368,09:11:42.633130
791,1500000,buy,2020-08-10,52.0,44.0,,2.0,,,2.0,1.0189078510456056,09:11:44.131368
792,10000,sell,2020-08-10,90.0,,,,,,10.0,1.0155701702257924,09:11:45.401017
793,25000,sell,2020-08-10,94.0,,,,,,6.0,1.0154475975847068,09:11:46.174029
794,50000,sell,2020-08-10,77.0,19.0,,,,,4.0,1.0153605611466263,09:11:47.449047
795,100000,sell,2020-08-10,65.0,33.0,,,,,2.0,1.0152555149072213,09:11:48.442296
796,200000,sell,2020-08-10,59.0,40.0,,,,,1.0,1.0150829110955624,09:11:49.099141
797,500000,sell,2020-08-10,55.0,44.0,,,,,1.0,1.0146137886872548,09:11:50.411194
798,1000000,sell,2020-08-10,50.0,42.0,,7.0,,,1.0,1.013912026090558,09:11:51.745015
799,1500000,sell,2020-08-10,47.0,41.0,,11.0,,,1.0,1.013342388069396,09:11:52.509111
800,10000,buy,2020-08-10,,100.0,,,,,,1.0161464978366697,09:11:56.769352
801,25000,buy,2020-08-10,2.0,98.0,,,,,,1.0161990826279421,09:11:57.530679
802,50000,buy,2020-08-10,28.0,72.0,,,,,,1.0162618314697196,09:11:58.400553
803,100000,buy,2020-08-10,41.0,59.0,,,,,,1.016355172733226,09:11:59.852623
804,200000,buy,2020-08-10,47.0,53.0,,,,,,1.016527737153115,09:12:01.123869
805,500000,buy,2020-08-10,52.0,48.0,,,,,,1.017050789972736,09:12:01.865025
806,1000000,buy,2020-08-10,51.0,45.0,,3.0,,,1.0,1.0179577594575346,09:12:02.743041
807,1500000,buy,2020-08-10,52.0,44.0,,2.0,,,2.0,1.0189078507962108,09:12:04.583838
808,10000,sell,2020-08-10,90.0,,,,,,10.0,1.0155701702257924,09:12:05.615692
809,25000,sell,2020-08-10,94.0,,,,,,6.0,1.0154475975847068,09:12:06.295712
810,50000,sell,2020-08-10,77.0,19.0,,,,,4.0,1.015360561035486,09:12:07.762946
811,100000,sell,2020-08-10,65.0,33.0,,,,,2.0,1.0152555147160525,09:12:08.628763
812,200000,sell,2020-08-10,59.0,40.0,,,,,1.0,1.0150829108682597,09:12:10.053646
813,500000,sell,2020-08-10,55.0,44.0,,,,,1.0,1.0146137884836948,09:12:11.376804
814,1000000,sell,2020-08-10,50.0,42.0,,7.0,,,1.0,1.0139120259106715,09:12:11.907199
815,1500000,sell,2020-08-10,47.0,41.0,,11.0,,,1.0,1.0133423879059922,09:12:13.282863
816,10000,buy,2020-08-10,,100.0,,,,,,1.0161464972793386,09:12:53.957029
817,25000,buy,2020-08-10,2.0,98.0,,,,,,1.0161990820785252,09:12:54.808358
818,50000,buy,2020-08-10,28.0,72.0,,,,,,1.0162618310641505,09:12:56.132799
819,100000,buy,2020-08-10,41.0,59.0,,,,,,1.0163551723977322,09:12:56.952323
820,200000,buy,2020-08-10,47.0,53.0,,,,,,1.0165277368458339,09:12:58.142299
821,500000,buy,2020-08-10,52.0,48.0,,,,,,1.017050789695589,09:12:59.429977
822,1000000,buy,2020-08-10,51.0,45.0,,3.0,,,1.0,1.0179577593417837,09:13:00.076479
823,1500000,buy,2020-08-10,52.0,44.0,,2.0,,,2.0,1.0189078506715135,09:13:00.777620
824,10000,sell,2020-08-10,90.0,,,,,,10.0,1.0155701702257924,09:13:02.115644
825,25000,sell,2020-08-10,94.0,,,,,,6.0,1.0154475975847068,09:13:02.864980
826,50000,sell,2020-08-10,77.0,19.0,,,,,4.0,1.0153605610262244,09:13:04.006728
827,100000,sell,2020-08-10,65.0,33.0,,,,,2.0,1.0152555147001217,09:13:05.464758
828,200000,sell,2020-08-10,59.0,40.0,,,,,1.0,1.015082910849318,09:13:06.477836
829,500000,sell,2020-08-10,55.0,44.0,,,,,1.0,1.0146104206694277,09:13:07.815583
830,1000000,sell,2020-08-10,50.0,42.0,,7.0,,,1.0,1.0139074012290488,09:13:09.178614
831,1500000,sell,2020-08-10,47.0,41.0,,11.0,,,1.0,1.0133336160757054,09:13:10.844489
832,10000,buy,2020-08-10,,100.0,,,,,,1.016146497049849,09:13:14.624278
833,25000,buy,2020-08-10,2.0,98.0,,,,,,1.0161990818522944,09:13:16.098805
834,50000,buy,2020-08-10,28.0,72.0,,,,,,1.0162618308971514,09:13:17.546340
835,100000,buy,2020-08-10,41.0,59.0,,,,,,1.0163551722595874,09:13:18.229123
836,200000,buy,2020-08-10,47.0,53.0,,,,,,1.0165277367193062,09:13:19.643668
837,500000,buy,2020-08-10,52.0,48.0,,,,,,1.017050789574337,09:13:20.469402
838,1000000,buy,2020-08-10,51.0,45.0,,3.0,,,1.0,1.0179577592171285,09:13:21.625033
839,1500000,buy,2020-08-10,52.0,44.0,,2.0,,,2.0,1.0189078505372238,09:13:22.175855
840,10000,sell,2020-08-10,90.0,,,,,,10.0,1.0155701702257924,09:13:23.538418
841,25000,sell,2020-08-10,94.0,,,,,,6.0,1.0154475975847068,09:13:25.039938
842,50000,sell,2020-08-10,77.0,19.0,,,,,4.0,1.0153605609830034,09:13:26.647422
843,100000,sell,2020-08-10,65.0,33.0,,,,,2.0,1.0152555146257782,09:13:27.920014
844,200000,sell,2020-08-10,59.0,40.0,,,,,1.0,1.0150829107609227,09:13:29.156619
845,500000,sell,2020-08-10,55.0,44.0,,,,,1.0,1.0146125467720652,09:13:30.426212
846,1000000,sell,2020-08-10,50.0,42.0,,7.0,,,1.0,1.0139113289684958,09:13:31.743788
847,1500000,sell,2020-08-10,47.0,41.0,,11.0,,,1.0,1.0133385162505253,09:13:33.001385
848,10000,buy,2020-08-10,,100.0,,,,,,1.016146497049849,09:14:11.686732
849,25000,buy,2020-08-10,2.0,98.0,,,,,,1.0161990818522944,09:14:13.007660
850,50000,buy,2020-08-10,28.0,72.0,,,,,,1.0162618308971514,09:14:14.503552
851,100000,buy,2020-08-10,41.0,59.0,,,,,,1.0163551722595874,09:14:15.837732
852,200000,buy,2020-08-10,47.0,53.0,,,,,,1.0165277367193062,09:14:16.421837
853,500000,buy,2020-08-10,52.0,48.0,,,,,,1.017050789574337,09:14:17.635585
854,1000000,buy,2020-08-10,51.0,45.0,,3.0,,,1.0,1.0179577592171285,09:14:18.946953
855,1500000,buy,2020-08-10,52.0,44.0,,2.0,,,2.0,1.0189078505372238,09:14:20.267268
856,10000,sell,2020-08-10,90.0,,,,,,10.0,1.0155701702257924,09:14:21.564253
857,25000,sell,2020-08-10,96.0,,,,,,4.0,1.0154475785643684,09:14:22.920801
858,50000,sell,2020-08-10,78.0,20.0,,,,,2.0,1.0153587140652718,09:14:23.745769
859,100000,sell,2020-08-10,66.0,33.0,,,,,1.0,1.015252972168936,09:14:25.069646
860,200000,sell,2020-08-10,59.0,40.0,,,,,1.0,1.0150799023532482,09:14:26.296635
861,500000,sell,2020-08-10,55.0,44.0,,,,,1.0,1.014609100047229,09:14:27.650941
862,1000000,sell,2020-08-10,50.0,42.0,,7.0,,,1.0,1.0139085720552088,09:14:28.424148
863,1500000,sell,2020-08-10,47.0,41.0,,11.0,,,1.0,1.0133333459534952,09:14:29.700744
864,10000,buy,2020-08-10,,100.0,,,,,,1.0161464950172299,09:14:33.774715
865,25000,buy,2020-08-10,2.0,98.0,,,,,,1.016199079848538,09:14:35.115741
866,50000,buy,2020-08-10,28.0,72.0,,,,,,1.0162618294180172,09:14:35.984779
867,100000,buy,2020-08-10,41.0,59.0,,,,,,1.0163551710360215,09:14:37.289552
868,200000,buy,2020-08-10,47.0,53.0,,,,,,1.016527735598634,09:14:37.967517
869,500000,buy,2020-08-10,52.0,48.0,,,,,,1.017050788500393,09:14:39.196545
870,1000000,buy,2020-08-10,51.0,45.0,,3.0,,,1.0,1.0179577581130421,09:14:39.927000
871,1500000,buy,2020-08-10,52.0,44.0,,2.0,,,2.0,1.0189078493478032,09:14:41.069516
872,10000,sell,2020-08-10,90.0,,,,,,10.0,1.0155701702257924,09:14:41.983572
873,25000,sell,2020-08-10,96.0,,,,,,4.0,1.0154475785643684,09:14:43.318701
874,50000,sell,2020-08-10,78.0,20.0,,,,,2.0,1.015358713997042,09:14:44.796524
875,100000,sell,2020-08-10,66.0,33.0,,,,,1.0,1.0152529719512162,09:14:45.542744
876,200000,sell,2020-08-10,59.0,40.0,,,,,1.0,1.0150799022017134,09:14:46.761700
877,500000,sell,2020-08-10,55.0,44.0,,,,,1.0,1.0146090998633686,09:14:48.362549
878,1000000,sell,2020-08-10,50.0,42.0,,7.0,,,1.0,1.013908571915942,09:14:49.670634
879,1500000,sell,2020-08-10,47.0,41.0,,11.0,,,1.0,1.0133333458269893,09:14:50.458474
880,10000,buy,2020-08-10,,100.0,,,,,,1.016146494181134,09:15:30.459130
881,25000,buy,2020-08-10,20.0,80.0,,,,,,1.0161922656843028,09:15:31.751139
882,50000,buy,2020-08-10,37.0,63.0,,,,,,1.0162420931097007,09:15:33.031408
883,100000,buy,2020-08-10,45.0,55.0,,,,,,1.016328811284857,09:15:33.699126
884,200000,buy,2020-08-10,50.0,50.0,,,,,,1.0164976731135416,09:15:35.276185
885,500000,buy,2020-08-10,52.0,48.0,,,,,,1.0170172994107645,09:15:36.691040
886,1000000,buy,2020-08-10,51.0,45.0,,3.0,,,1.0,1.0179227648545364,09:15:37.405515
887,1500000,buy,2020-08-10,52.0,44.0,,2.0,,,2.0,1.018869521065519,09:15:38.093472
888,10000,sell,2020-08-10,90.0,,,,,,10.0,1.0155158959039705,09:15:39.462400
889,25000,sell,2020-08-10,84.0,12.0,,,,,4.0,1.0153921770479877,09:15:40.001434
890,50000,sell,2020-08-10,69.0,29.0,,,,,2.0,1.0153146249909544,09:15:40.607485
891,100000,sell,2020-08-10,61.0,38.0,,,,,1.0,1.0152150998730223,09:15:41.849444
892,200000,sell,2020-08-10,57.0,42.0,,,,,1.0,1.0150486524869848,09:15:42.599204
893,500000,sell,2020-08-10,54.0,45.0,,,,,1.0,1.014581435471231,09:15:43.841805
894,1000000,sell,2020-08-10,49.0,43.0,,7.0,,,1.0,1.0138835046110901,09:15:45.236358
895,1500000,sell,2020-08-10,47.0,41.0,,11.0,,,1.0,1.0133132023402265,09:15:45.913141
896,10000,buy,2020-08-10,,100.0,,,,,,1.0161464938368023,09:15:51.775000
897,25000,buy,2020-08-10,21.0,79.0,,,,,,1.0161922398522392,09:15:53.152816
898,50000,buy,2020-08-10,37.0,63.0,,,,,,1.0162420467186573,09:15:54.411414
899,100000,buy,2020-08-10,45.0,55.0,,,,,,1.0163287547994162,09:15:55.724992
900,200000,buy,2020-08-10,50.0,50.0,,,,,,1.0164976101377647,09:15:57.173527
901,500000,buy,2020-08-10,52.0,48.0,,,,,,1.0170172331760399,09:15:57.979269
902,1000000,buy,2020-08-10,51.0,45.0,,3.0,,,1.0,1.0179226986214889,09:15:59.119902
903,1500000,buy,2020-08-10,52.0,44.0,,2.0,,,2.0,1.0188694519562411,09:16:00.455474
904,10000,sell,2020-08-10,90.0,,,,,,10.0,1.0155157836016446,09:16:01.215231
905,25000,sell,2020-08-10,82.0,10.0,,,,,8.0,1.0153937807617133,09:16:02.097948
906,50000,sell,2020-08-10,68.0,28.0,,,,,4.0,1.0153171089685662,09:16:02.719748
907,100000,sell,2020-08-10,61.0,37.0,,,,,2.0,1.0152179532375523,09:16:04.162286
908,200000,sell,2020-08-10,57.0,42.0,,,,,1.0,1.0150486524406395,09:16:05.544843
909,500000,sell,2020-08-10,54.0,45.0,,,,,1.0,1.0145814354243003,09:16:06.657485
910,1000000,sell,2020-08-10,49.0,43.0,,7.0,,,1.0,1.0138844065433106,09:16:07.558197
911,1500000,sell,2020-08-10,47.0,41.0,,11.0,,,1.0,1.01331763541576,09:16:08.255973
912,10000,buy,2020-08-10,,100.0,,,,,,1.016146493180932,09:16:46.879275
913,25000,buy,2020-08-10,21.0,79.0,,,,,,1.0161922394230685,09:16:48.283911
914,50000,buy,2020-08-10,37.0,63.0,,,,,,1.0162420463747588,09:16:49.650831
915,100000,buy,2020-08-10,45.0,55.0,,,,,,1.0163287544962851,09:16:50.425915
916,200000,buy,2020-08-10,50.0,50.0,,,,,,1.0164976098570273,09:16:51.660867
917,500000,buy,2020-08-10,52.0,48.0,,,,,,1.0170172328901712,09:16:52.578300
918,1000000,buy,2020-08-10,51.0,45.0,,3.0,,,1.0,1.0179226983275989,09:16:53.103195
919,1500000,buy,2020-08-10,52.0,44.0,,2.0,,,2.0,1.0188694516396404,09:16:54.351629
920,10000,sell,2020-08-10,90.0,,,,,,10.0,1.0155157836016446,09:16:55.026294
921,25000,sell,2020-08-10,82.0,10.0,,,,,8.0,1.0153937807079219,09:16:56.480873
922,50000,sell,2020-08-10,68.0,28.0,,,,,4.0,1.015317108818666,09:16:57.896620
923,100000,sell,2020-08-10,61.0,37.0,,,,,2.0,1.0152179530413405,09:16:59.183276
924,200000,sell,2020-08-10,57.0,42.0,,,,,1.0,1.0150486522221545,09:16:59.975030
925,500000,sell,2020-08-10,54.0,45.0,,,,,1.0,1.0145814352030549,09:17:00.663900
926,1000000,sell,2020-08-10,49.0,43.0,,7.0,,,1.0,1.0138844063479386,09:17:01.261785
927,1500000,sell,2020-08-10,47.0,41.0,,11.0,,,1.0,1.0133176352417623,09:17:02.623413
928,10000,buy,2020-08-10,,100.0,,,,,,1.016146493180932,09:17:09.506243
929,25000,buy,2020-08-10,21.0,79.0,,,,,,1.0161922394230685,09:17:10.949106
930,50000,buy,2020-08-10,37.0,63.0,,,,,,1.0162420461246509,09:17:12.412636
931,100000,buy,2020-08-10,45.0,55.0,,,,,,1.0163287542758264,09:17:12.964460
932,200000,buy,2020-08-10,50.0,50.0,,,,,,1.0164976093636104,09:17:14.276039
933,500000,buy,2020-08-10,52.0,48.0,,,,,,1.0170172323877356,09:17:15.327701
934,1000000,buy,2020-08-10,51.0,45.0,,3.0,,,1.0,1.0179226978110654,09:17:16.621287
935,1500000,buy,2020-08-10,52.0,44.0,,2.0,,,2.0,1.0188694510831904,09:17:17.358048
936,10000,sell,2020-08-10,90.0,,,,,,10.0,1.0155157836016446,09:17:18.876564
937,25000,sell,2020-08-10,82.0,10.0,,,,,8.0,1.0153937806133795,09:17:19.639320
938,50000,sell,2020-08-10,68.0,28.0,,,,,4.0,1.0153171085552055,09:17:20.527035
939,100000,sell,2020-08-10,61.0,37.0,,,,,2.0,1.0152179526964835,09:17:21.539710
940,200000,sell,2020-08-10,57.0,42.0,,,,,1.0,1.01504865183815,09:17:22.713332
941,500000,sell,2020-08-10,54.0,45.0,,,,,1.0,1.0145814348141993,09:17:23.431102
942,1000000,sell,2020-08-10,49.0,43.0,,7.0,,,1.0,1.013884406004558,09:17:24.188860
943,1500000,sell,2020-08-10,47.0,41.0,,11.0,,,1.0,1.0133176349306754,09:17:24.942674
944,10000,buy,2020-08-10,,100.0,,,,,,1.0161464899096513,09:18:04.065232
945,25000,buy,2020-08-10,21.0,79.0,,,,,,1.016192236829546,09:18:05.397462
946,50000,buy,2020-08-10,37.0,63.0,,,,,,1.0162420442976203,09:18:06.702437
947,100000,buy,2020-08-10,46.0,54.0,,,,,,1.0163275680594799,09:18:08.115656
948,200000,buy,2020-08-10,50.0,50.0,,,,,,1.016496307407225,09:18:09.061653
949,500000,buy,2020-08-10,52.0,48.0,,,,,,1.017015849847842,09:18:10.605494
950,1000000,buy,2020-08-10,51.0,45.0,,3.0,,,1.0,1.0179212954184962,09:18:12.066026
951,1500000,buy,2020-08-10,52.0,44.0,,2.0,,,2.0,1.018867965442772,09:18:13.382603
952,10000,sell,2020-08-10,90.0,,,,,,10.0,1.0155134751014594,09:18:14.878124
953,25000,sell,2020-08-10,81.0,11.0,,,,,8.0,1.015391687909041,09:18:16.235688
954,50000,sell,2020-08-10,67.0,29.0,,,,,4.0,1.0153153731731464,09:18:17.712215
955,100000,sell,2020-08-10,60.0,38.0,,,,,2.0,1.015216398434976,09:18:18.514959
956,200000,sell,2020-08-10,57.0,42.0,,,,,1.0,1.0150472078799153,09:18:19.162750
957,500000,sell,2020-08-10,54.0,45.0,,,,,1.0,1.0145800925831998,09:18:19.877521
958,1000000,sell,2020-08-10,49.0,43.0,,7.0,,,1.0,1.0138832189195406,09:18:21.184102
959,1500000,sell,2020-08-10,47.0,41.0,,11.0,,,1.0,1.0133165230944416,09:18:22.497608
960,10000,buy,2020-08-10,,100.0,,,,,,1.0161464894015408,09:18:25.770558
961,25000,buy,2020-08-10,21.0,79.0,,,,,,1.0161916964204423,09:18:26.598291
962,50000,buy,2020-08-10,38.0,62.0,,,,,,1.016241089677817,09:18:27.883879
963,100000,buy,2020-08-10,46.0,54.0,,,,,,1.016327567547959,09:18:29.510359
964,200000,buy,2020-08-10,50.0,50.0,,,,,,1.0164963068783948,09:18:30.252121
965,500000,buy,2020-08-10,52.0,48.0,,,,,,1.0170158497958945,09:18:31.620682
966,1000000,buy,2020-08-10,51.0,45.0,,3.0,,,1.0,1.0179212954184962,09:18:33.018237
967,1500000,buy,2020-08-10,52.0,44.0,,2.0,,,2.0,1.0188679654044157,09:18:34.430781
968,10000,sell,2020-08-10,90.0,,,,,,10.0,1.0155134751014594,09:18:35.176541
969,25000,sell,2020-08-10,81.0,11.0,,,,,8.0,1.0153916879018738,09:18:35.792345
970,50000,sell,2020-08-10,67.0,29.0,,,,,4.0,1.0153153731543425,09:18:37.030948
971,100000,sell,2020-08-10,60.0,38.0,,,,,2.0,1.0152163984105742,09:18:38.270550
972,200000,sell,2020-08-10,57.0,42.0,,,,,1.0,1.015047207853448,09:18:38.848364
973,500000,sell,2020-08-10,54.0,45.0,,,,,1.0,1.0145800925563984,09:18:40.234921
974,1000000,sell,2020-08-10,49.0,43.0,,7.0,,,1.0,1.0138816931290027,09:18:40.999674
975,1500000,sell,2020-08-10,47.0,41.0,,11.0,,,1.0,1.0133098091457755,09:18:42.498194
976,10000,buy,2020-08-10,,100.0,,,,,,1.0161464886313354,09:19:23.224332
977,25000,buy,2020-08-10,21.0,79.0,,,,,,1.0161916958095496,09:19:24.522372
978,50000,buy,2020-08-10,38.0,62.0,,,,,,1.0162410891961697,09:19:25.350592
979,100000,buy,2020-08-10,46.0,54.0,,,,,,1.0163275671244896,09:19:27.140019
980,200000,buy,2020-08-10,50.0,50.0,,,,,,1.0164963064787833,09:19:28.270657
981,500000,buy,2020-08-10,52.0,48.0,,,,,,1.0170158493889727,09:19:29.017418
982,1000000,buy,2020-08-10,51.0,45.0,,3.0,,,1.0,1.0179235615829818,09:19:29.707123
983,1500000,buy,2020-08-10,52.0,44.0,,2.0,,,2.0,1.018869700161089,09:19:30.437382
984,10000,sell,2020-08-10,90.0,,,,,,10.0,1.0155134751014594,09:19:31.307046
985,25000,sell,2020-08-10,81.0,11.0,,,,,8.0,1.0153916877674867,09:19:31.983098
986,50000,sell,2020-08-10,67.0,29.0,,,,,4.0,1.0153153728017696,09:19:32.740264
987,100000,sell,2020-08-10,61.0,37.0,,,,,2.0,1.0152224535121455,09:19:34.205699
988,200000,sell,2020-08-10,57.0,42.0,,,,,1.0,1.015052801528429,09:19:35.341354
989,500000,sell,2020-08-10,54.0,45.0,,,,,1.0,1.0145852175426855,09:19:36.677706
990,1000000,sell,2020-08-10,49.0,43.0,,7.0,,,1.0,1.0138876631979257,09:19:37.324254
991,1500000,sell,2020-08-10,47.0,41.0,,11.0,,,1.0,1.0133206091167926,09:19:38.655270
992,10000,buy,2020-08-10,,100.0,,,,,,1.0161464879922286,09:19:43.314281
993,25000,buy,2020-08-10,18.0,82.0,,,,,,1.0161936868473502,09:19:44.576627
994,50000,buy,2020-08-10,36.0,64.0,,,,,,1.0162447974216375,09:19:45.996880
995,100000,buy,2020-08-10,45.0,55.0,,,,,,1.0163321655617708,09:19:46.694970
996,200000,buy,2020-08-10,49.0,51.0,,,,,,1.0165014310342773,09:19:48.040970
997,500000,buy,2020-08-10,52.0,48.0,,,,,,1.0170213982493037,09:19:49.341943
998,1000000,buy,2020-08-10,52.0,45.0,,3.0,,,,1.0179295283923984,09:19:50.948377
999,1500000,buy,2020-08-10,53.0,44.0,,2.0,,,1.0,1.0188972507985021,09:19:52.258820
1000,10000,sell,2020-08-10,90.0,,,,,,10.0,1.0155225147590845,09:19:53.568855
1001,25000,sell,2020-08-10,84.0,8.0,,,,,8.0,1.0153999802293994,09:19:54.732380
1002,50000,sell,2020-08-10,69.0,27.0,,,,,4.0,1.0153221905807677,09:19:55.425077
1003,100000,sell,2020-08-10,61.0,37.0,,,,,2.0,1.0152224535002607,09:19:56.659287
1004,200000,sell,2020-08-10,57.0,42.0,,,,,1.0,1.0150528015151952,09:19:57.271296
1005,500000,sell,2020-08-10,54.0,45.0,,,,,1.0,1.0145852175292847,09:19:58.439812
1006,1000000,sell,2020-08-10,49.0,43.0,,7.0,,,1.0,1.0138876631860925,09:19:59.242903
1007,1500000,sell,2020-08-10,47.0,41.0,,11.0,,,1.0,1.0133206091062539,09:20:00.664909
1008,10000,buy,2020-08-10,,100.0,,,,,,1.0161464874470836,09:20:40.036755
1009,25000,buy,2020-08-10,18.0,82.0,,,,,,1.01619368671937,09:20:40.793955
1010,50000,buy,2020-08-10,36.0,64.0,,,,,,1.0162447975739124,09:20:41.485377
1011,100000,buy,2020-08-10,45.0,55.0,,,,,,1.0163321661326201,09:20:42.880886
1012,200000,buy,2020-08-10,49.0,51.0,,,,,,1.0165014323885606,09:20:43.679430
1013,500000,buy,2020-08-10,52.0,48.0,,,,,,1.0170214021006263,09:20:45.002922
1014,1000000,buy,2020-08-10,51.0,44.0,,3.0,,,2.0,1.0179254941351537,09:20:46.324035
1015,1500000,buy,2020-08-10,53.0,44.0,,2.0,,,1.0,1.0188909616307373,09:20:47.060864
1016,10000,sell,2020-08-10,100.0,,,,,,,1.01538371091768,09:20:47.805470
1017,25000,sell,2020-08-10,86.0,10.0,,,,,4.0,1.0153415582487955,09:20:48.408797
1018,50000,sell,2020-08-10,70.0,28.0,,,,,2.0,1.0152913488772384,09:20:49.604109
1019,100000,sell,2020-08-10,62.0,37.0,,,,,1.0,1.0152054183417931,09:20:50.874830
1020,200000,sell,2020-08-10,58.0,42.0,,,,,,1.0150397041217887,09:20:51.756126
1021,500000,sell,2020-08-10,54.0,45.0,,,,,1.0,1.0145764028454962,09:20:53.236251
1022,1000000,sell,2020-08-10,49.0,43.0,,7.0,,,1.0,1.0138764332867338,09:20:53.842372
1023,1500000,sell,2020-08-10,47.0,42.0,,11.0,,,,1.0133060152523161,09:20:54.505247
1024,10000,buy,2020-08-10,,100.0,,,,,,1.016146486922684,09:21:02.133594
1025,25000,buy,2020-08-10,18.0,82.0,,,,,,1.0161936862875132,09:21:03.221478
1026,50000,buy,2020-08-10,36.0,64.0,,,,,,1.0162447974045874,09:21:04.190790
1027,100000,buy,2020-08-10,45.0,55.0,,,,,,1.0163321659857287,09:21:05.633548
1028,200000,buy,2020-08-10,49.0,51.0,,,,,,1.0165014322844048,09:21:07.026667
1029,500000,buy,2020-08-10,52.0,48.0,,,,,,1.0170214019967292,09:21:08.399244
1030,1000000,buy,2020-08-10,51.0,44.0,,3.0,,,2.0,1.017925245088975,09:21:10.226655
1031,1500000,buy,2020-08-10,52.0,44.0,,2.0,,,2.0,1.0188711670319317,09:21:11.135624
1032,10000,sell,2020-08-10,100.0,,,,,,,1.01538371091768,09:21:12.506580
1033,25000,sell,2020-08-10,85.0,9.0,,,,2.0,4.0,1.0153746401194519,09:21:13.313531
1034,50000,sell,2020-08-10,69.0,28.0,,,,1.0,2.0,1.0153086969204097,09:21:14.707861
1035,100000,sell,2020-08-10,62.0,37.0,,,,,1.0,1.0152054181040964,09:21:16.051606
1036,200000,sell,2020-08-10,58.0,42.0,,,,,,1.0150397038571106,09:21:17.557721
1037,500000,sell,2020-08-10,54.0,45.0,,,,,1.0,1.014576402657884,09:21:18.263755
1038,1000000,sell,2020-08-10,49.0,43.0,,7.0,,,1.0,1.013876433121066,09:21:18.986868
1039,1500000,sell,2020-08-10,47.0,42.0,,11.0,,,,1.0133060151019935,09:21:20.121303
1040,10000,buy,2020-08-10,,100.0,,,,,,1.0161464866604841,09:21:56.168144
1041,25000,buy,2020-08-10,18.0,82.0,,,,,,1.016193686071585,09:21:57.552376
1042,50000,buy,2020-08-10,36.0,64.0,,,,,,1.0162447970659378,09:21:58.866364
1043,100000,buy,2020-08-10,45.0,55.0,,,,,,1.0163321656919462,09:21:59.617396
1044,200000,buy,2020-08-10,49.0,51.0,,,,,,1.0165014320066559,09:22:00.956656
1045,500000,buy,2020-08-10,52.0,48.0,,,,,,1.0170214017196704,09:22:01.735880
1046,1000000,buy,2020-08-10,51.0,44.0,,3.0,,,2.0,1.0179252449849936,09:22:03.127194
1047,1500000,buy,2020-08-10,52.0,44.0,,2.0,,,2.0,1.01887116691686,09:22:04.648513
1048,10000,sell,2020-08-10,96.0,,,,,4.0,,1.01546742210728,09:22:05.908031
1049,25000,sell,2020-08-10,85.0,9.0,,,,2.0,4.0,1.0153746400622639,09:22:07.018518
1050,50000,sell,2020-08-10,69.0,28.0,,,,1.0,2.0,1.0153086967433558,09:22:08.333504
1051,100000,sell,2020-08-10,62.0,37.0,,,,,1.0,1.015205417872342,09:22:09.762594
1052,200000,sell,2020-08-10,58.0,42.0,,,,,,1.0150397035990495,09:22:10.516480
1053,500000,sell,2020-08-10,55.0,45.0,,,,,,1.014573869711722,09:22:11.220668
1054,1000000,sell,2020-08-10,50.0,43.0,,7.0,,,,1.0138732229968153,09:22:12.661137
1055,1500000,sell,2020-08-10,47.0,42.0,,11.0,,,,1.0133060148926152,09:22:14.096168
1056,10000,buy,2020-08-10,,100.0,,,,,,1.016146486086922,09:22:20.931305
1057,25000,buy,2020-08-10,18.0,82.0,,,,,,1.016193685599242,09:22:22.566647
1058,50000,buy,2020-08-10,36.0,64.0,,,,,,1.01624479669554,09:22:23.796964
1059,100000,buy,2020-08-10,45.0,55.0,,,,,,1.0163321653706219,09:22:24.977934
1060,200000,buy,2020-08-10,49.0,51.0,,,,,,1.016501431702868,09:22:26.551038
1061,500000,buy,2020-08-10,52.0,48.0,,,,,,1.0170214014166372,09:22:27.906247
1062,1000000,buy,2020-08-10,51.0,44.0,,3.0,,,2.0,1.0179246716749017,09:22:29.243253
1063,1500000,buy,2020-08-10,52.0,44.0,,2.0,,,2.0,1.0188706587577456,09:22:29.799148
1064,10000,sell,2020-08-10,86.0,,,,,4.0,10.0,1.0156059805017934,09:22:31.237613
1065,25000,sell,2020-08-10,83.0,7.0,,,,2.0,8.0,1.015432996163953,09:22:32.183637
1066,50000,sell,2020-08-10,68.0,27.0,,,,1.0,4.0,1.0153395077508482,09:22:32.918714
1067,100000,sell,2020-08-10,61.0,37.0,,,,,2.0,1.0152224522356874,09:22:33.644386
1068,200000,sell,2020-08-10,57.0,42.0,,,,,1.0,1.0150527994548573,09:22:34.927127
1069,500000,sell,2020-08-10,54.0,45.0,,,,,1.0,1.0145829662734296,09:22:35.706331
1070,1000000,sell,2020-08-10,49.0,43.0,,7.0,,,1.0,1.0138837294412162,09:22:37.541856
1071,1500000,sell,2020-08-10,47.0,41.0,,11.0,,,1.0,1.013312292922128,09:22:38.729194
1072,10000,buy,2020-08-10,,100.0,,,,,,1.0161464854805848,09:23:15.026589
1073,25000,buy,2020-08-10,18.0,82.0,,,,,,1.016193685099908,09:23:15.751358
1074,50000,buy,2020-08-10,36.0,64.0,,,,,,1.0162447963039762,09:23:17.070934
1075,100000,buy,2020-08-10,45.0,55.0,,,,,,1.0163321650309358,09:23:17.700734
1076,200000,buy,2020-08-10,49.0,51.0,,,,,,1.0165014313817207,09:23:18.463487
1077,500000,buy,2020-08-10,52.0,48.0,,,,,,1.0170214010962881,09:23:19.915021
1078,1000000,buy,2020-08-10,51.0,44.0,,3.0,,,2.0,1.0179246713542927,09:23:20.885712
1079,1500000,buy,2020-08-10,52.0,44.0,,2.0,,,2.0,1.018870658402942,09:23:22.182295
1080,10000,sell,2020-08-10,86.0,,,,,4.0,10.0,1.0156059805017934,09:23:22.947050
1081,25000,sell,2020-08-10,83.0,7.0,,,,2.0,8.0,1.0154329961217456,09:23:24.277623
1082,50000,sell,2020-08-10,68.0,27.0,,,,1.0,4.0,1.0153395075888396,09:23:25.070369
1083,100000,sell,2020-08-10,61.0,37.0,,,,,2.0,1.015222452015818,09:23:26.402944
1084,200000,sell,2020-08-10,57.0,42.0,,,,,1.0,1.0150527992100302,09:23:26.967761
1085,500000,sell,2020-08-10,54.0,45.0,,,,,1.0,1.0145861846155237,09:23:28.526260
1086,1000000,sell,2020-08-10,49.0,43.0,,7.0,,,1.0,1.0138872989613967,09:23:29.776860
1087,1500000,sell,2020-08-10,47.0,41.0,,11.0,,,1.0,1.0133175943145116,09:23:30.903498
1088,10000,buy,2020-08-10,,100.0,,,,,,1.0161464850708977,09:23:39.342792
1089,25000,buy,2020-08-10,18.0,82.0,,,,,,1.0161936847625201,09:23:40.006580
1090,50000,buy,2020-08-10,36.0,64.0,,,,,,1.0162447960394063,09:23:41.381139
1091,100000,buy,2020-08-10,45.0,55.0,,,,,,1.0163321648014183,09:23:42.172886
1092,200000,buy,2020-08-10,49.0,51.0,,,,,,1.0165014311647294,09:23:42.732706
1093,500000,buy,2020-08-10,52.0,48.0,,,,,,1.0170214005508285,09:23:44.105266
1094,1000000,buy,2020-08-10,51.0,44.0,,3.0,,,2.0,1.0179246708083909,09:23:44.820037
1095,1500000,buy,2020-08-10,52.0,44.0,,2.0,,,2.0,1.0188706577988174,09:23:45.683760
1096,10000,sell,2020-08-10,86.0,,,,,4.0,10.0,1.0156059805017934,09:23:47.162284
1097,25000,sell,2020-08-10,83.0,7.0,,,,2.0,8.0,1.0154329960498794,09:23:47.734102
1098,50000,sell,2020-08-10,68.0,27.0,,,,1.0,4.0,1.015339507312987,09:23:48.472866
1099,100000,sell,2020-08-10,61.0,37.0,,,,,2.0,1.0152224516414456,09:23:49.147647
1100,200000,sell,2020-08-10,57.0,42.0,,,,,1.0,1.0150527987931623,09:23:50.466226
1101,500000,sell,2020-08-10,54.0,45.0,,,,,1.0,1.014586184193396,09:23:51.114018
1102,1000000,sell,2020-08-10,49.0,43.0,,7.0,,,1.0,1.0138872987365615,09:23:52.295640
1103,1500000,sell,2020-08-10,47.0,41.0,,11.0,,,1.0,1.0133175941142778,09:23:53.584226
1104,10000,buy,2020-08-10,,100.0,,,,,,1.0161464841859738,09:24:31.690215
1105,25000,buy,2020-08-10,18.0,82.0,,,,,,1.0161936840337626,09:24:33.098557
1106,50000,buy,2020-08-10,36.0,64.0,,,,,,1.016244795467935,09:24:34.591163
1107,100000,buy,2020-08-10,45.0,55.0,,,,,,1.0163321643056604,09:24:36.678931
1108,200000,buy,2020-08-10,49.0,51.0,,,,,,1.0165014306960283,09:24:37.344548
1109,500000,buy,2020-08-10,52.0,48.0,,,,,,1.0170214004122993,09:24:37.886731
1110,1000000,buy,2020-08-10,51.0,44.0,,3.0,,,2.0,1.017924670669749,09:24:38.687922
1111,1500000,buy,2020-08-10,52.0,44.0,,2.0,,,2.0,1.018870657645389,09:24:39.867903
1112,10000,sell,2020-08-10,86.0,,,,,4.0,10.0,1.0156059805017934,09:24:41.211520
1113,25000,sell,2020-08-10,83.0,7.0,,,,2.0,8.0,1.0154329959757316,09:24:42.015428
1114,50000,sell,2020-08-10,68.0,27.0,,,,1.0,4.0,1.0153395070283773,09:24:42.802684
1115,100000,sell,2020-08-10,61.0,37.0,,,,,2.0,1.0152224512551886,09:24:44.155697
1116,200000,sell,2020-08-10,57.0,42.0,,,,,1.0,1.0150527983630608,09:24:44.867085
1117,500000,sell,2020-08-10,54.0,45.0,,,,,1.0,1.0145861837578678,09:24:45.624480
1118,1000000,sell,2020-08-10,49.0,43.0,,7.0,,,1.0,1.013887298351975,09:24:46.931991
1119,1500000,sell,2020-08-10,47.0,41.0,,11.0,,,1.0,1.0133175937717727,09:24:47.674038
1120,10000,buy,2020-08-10,,100.0,,,,,,1.0161464832846625,09:24:54.956762
1121,25000,buy,2020-08-10,18.0,82.0,,,,,,1.0161936832915097,09:24:56.346552
1122,50000,buy,2020-08-10,36.0,64.0,,,,,,1.0162447948858815,09:24:57.041532
1123,100000,buy,2020-08-10,45.0,55.0,,,,,,1.016332163800722,09:24:58.411857
1124,200000,buy,2020-08-10,49.0,51.0,,,,,,1.0165014302186475,09:24:59.121888
1125,500000,buy,2020-08-10,52.0,48.0,,,,,,1.0170213999361046,09:25:00.493087
1126,1000000,buy,2020-08-10,51.0,44.0,,3.0,,,2.0,1.0179246701931681,09:25:01.273408
1127,1500000,buy,2020-08-10,52.0,44.0,,2.0,,,2.0,1.0188706571179784,09:25:02.027183
1128,10000,sell,2020-08-10,86.0,,,,,4.0,10.0,1.0156059805017934,09:25:03.704207
1129,25000,sell,2020-08-10,83.0,7.0,,,,2.0,8.0,1.015432995968887,09:25:04.731224
1130,50000,sell,2020-08-10,68.0,27.0,,,,1.0,4.0,1.0153395070021056,09:25:06.537400
1131,100000,sell,2020-08-10,61.0,37.0,,,,,2.0,1.0152224510828585,09:25:08.074827
1132,200000,sell,2020-08-10,57.0,42.0,,,,,1.0,1.0150527981711694,09:25:08.748357
1133,500000,sell,2020-08-10,54.0,45.0,,,,,1.0,1.0145861835635552,09:25:09.619839
1134,1000000,sell,2020-08-10,49.0,43.0,,7.0,,,1.0,1.0138872981803904,09:25:11.355332
1135,1500000,sell,2020-08-10,47.0,41.0,,11.0,,,1.0,1.0133175936189627,09:25:12.101559
1136,10000,buy,2020-08-10,,100.0,,,,,,1.016146482203089,09:25:48.562900
1137,25000,buy,2020-08-10,18.0,82.0,,,,,,1.0161936824008062,09:25:49.211012
1138,50000,buy,2020-08-10,36.0,64.0,,,,,,1.016244794187417,09:25:49.962972
1139,100000,buy,2020-08-10,45.0,55.0,,,,,,1.0163321631947961,09:25:51.410506
1140,200000,buy,2020-08-10,49.0,51.0,,,,,,1.0165014296457908,09:25:52.710516
1141,500000,buy,2020-08-10,52.0,48.0,,,,,,1.0170213993386967,09:25:53.533365
1142,1000000,buy,2020-08-10,51.0,44.0,,3.0,,,2.0,1.0179246695952757,09:25:54.973003
1143,1500000,buy,2020-08-10,52.0,44.0,,2.0,,,2.0,1.0188706564563184,09:25:55.810146
1144,10000,sell,2020-08-10,86.0,,,,,4.0,10.0,1.0155876596368978,09:25:57.158588
1145,25000,sell,2020-08-10,84.0,7.0,,,,1.0,8.0,1.0154246706568184,09:25:58.501023
1146,50000,sell,2020-08-10,68.0,27.0,,,,1.0,4.0,1.0153349299283256,09:25:59.884007
1147,100000,sell,2020-08-10,61.0,37.0,,,,,2.0,1.0152224508095076,09:26:01.239201
1148,200000,sell,2020-08-10,57.0,42.0,,,,,1.0,1.01505279786679,09:26:01.918184
1149,500000,sell,2020-08-10,54.0,45.0,,,,,1.0,1.0145861832553353,09:26:03.881307
1150,1000000,sell,2020-08-10,49.0,43.0,,7.0,,,1.0,1.0138882003536196,09:26:04.724626
1151,1500000,sell,2020-08-10,47.0,41.0,,11.0,,,1.0,1.013320962246645,09:26:05.545894
1152,10000,buy,2020-08-10,,100.0,,,,,,1.0161464820719892,09:26:13.596936
1153,25000,buy,2020-08-10,18.0,82.0,,,,,,1.0161936822928423,09:26:14.448613
1154,50000,buy,2020-08-10,36.0,64.0,,,,,,1.0162447941027548,09:26:16.037246
1155,100000,buy,2020-08-10,45.0,55.0,,,,,,1.0163321631213507,09:26:17.458241
1156,200000,buy,2020-08-10,49.0,51.0,,,,,,1.0165014295763537,09:26:18.109227
1157,500000,buy,2020-08-10,52.0,48.0,,,,,,1.0170213992954065,09:26:19.551420
1158,1000000,buy,2020-08-10,51.0,44.0,,3.0,,,2.0,1.0179246695519502,09:26:20.303935
1159,1500000,buy,2020-08-10,52.0,44.0,,2.0,,,2.0,1.018870656408372,09:26:21.189167
1160,10000,sell,2020-08-10,86.0,,,,,4.0,10.0,1.0155876596368978,09:26:22.600370
1161,25000,sell,2020-08-10,84.0,7.0,,,,1.0,8.0,1.0154246706511145,09:26:23.792185
1162,50000,sell,2020-08-10,68.0,27.0,,,,1.0,4.0,1.0153349299064327,09:26:25.141314
1163,100000,sell,2020-08-10,61.0,37.0,,,,,2.0,1.0152224507797956,09:26:26.702232
1164,200000,sell,2020-08-10,57.0,42.0,,,,,1.0,1.0150527978337054,09:26:27.360554
1165,500000,sell,2020-08-10,54.0,45.0,,,,,1.0,1.014586183221833,09:26:28.659756
1166,1000000,sell,2020-08-10,49.0,43.0,,7.0,,,1.0,1.013888200324036,09:26:29.817484
1167,1500000,sell,2020-08-10,47.0,41.0,,11.0,,,1.0,1.0133209622202985,09:26:31.068981
1168,10000,buy,2020-08-10,,100.0,,,,,,1.0161464813017782,09:27:07.735223
1169,25000,buy,2020-08-10,18.0,82.0,,,,,,1.0161936816585535,09:27:08.531970
1170,50000,buy,2020-08-10,36.0,64.0,,,,,,1.0162447936053636,09:27:10.055480
1171,100000,buy,2020-08-10,45.0,55.0,,,,,,1.0163321626898578,09:27:10.918203
1172,200000,buy,2020-08-10,49.0,51.0,,,,,,1.0165014291684102,09:27:11.623978
1173,500000,buy,2020-08-10,52.0,48.0,,,,,,1.0170213988884764,09:27:13.003537
1174,1000000,buy,2020-08-10,51.0,44.0,,3.0,,,2.0,1.0179246691446904,09:27:13.765292
1175,1500000,buy,2020-08-10,52.0,44.0,,2.0,,,2.0,1.018870655957676,09:27:15.321792
1176,10000,sell,2020-08-10,90.0,,,,,,10.0,1.0155225147590845,09:27:15.894609
1177,25000,sell,2020-08-10,84.0,8.0,,,,,8.0,1.01539997966729,09:27:17.270167
1178,50000,sell,2020-08-10,69.0,27.0,,,,,4.0,1.0153221885867074,09:27:18.590742
1179,100000,sell,2020-08-10,61.0,37.0,,,,,2.0,1.015222450500502,09:27:19.856916
1180,200000,sell,2020-08-10,57.0,42.0,,,,,1.0,1.0150527975227088,09:27:20.705672
1181,500000,sell,2020-08-10,54.0,45.0,,,,,1.0,1.0145861829069127,09:27:22.043863
1182,1000000,sell,2020-08-10,49.0,43.0,,7.0,,,1.0,1.0138882000459504,09:27:22.767627
1183,1500000,sell,2020-08-10,47.0,41.0,,11.0,,,1.0,1.013320961972641,09:27:24.145136
1184,10000,buy,2020-08-10,,100.0,,,,,,1.0161464813017782,09:27:32.624634
1185,25000,buy,2020-08-10,18.0,82.0,,,,,,1.0161936816585535,09:27:33.556576
1186,50000,buy,2020-08-10,36.0,64.0,,,,,,1.0162447936053636,09:27:34.296135
1187,100000,buy,2020-08-10,45.0,55.0,,,,,,1.0163321626898578,09:27:34.908132
1188,200000,buy,2020-08-10,49.0,51.0,,,,,,1.0165014291684102,09:27:36.909853
1189,500000,buy,2020-08-10,52.0,48.0,,,,,,1.017021398732631,09:27:37.568775
1190,1000000,buy,2020-08-10,51.0,44.0,,3.0,,,2.0,1.0179246689887185,09:27:38.406317
1191,1500000,buy,2020-08-10,52.0,44.0,,2.0,,,2.0,1.018870655785069,09:27:39.809047
1192,10000,sell,2020-08-10,90.0,,,,,,10.0,1.0155225147590845,09:27:41.138670
1193,25000,sell,2020-08-10,84.0,8.0,,,,,8.0,1.0153999796438258,09:27:42.526046
1194,50000,sell,2020-08-10,69.0,27.0,,,,,4.0,1.0153221885078925,09:27:43.712137
1195,100000,sell,2020-08-10,61.0,37.0,,,,,2.0,1.0152224503935385,09:27:45.009650
1196,200000,sell,2020-08-10,57.0,42.0,,,,,1.0,1.0150527974036039,09:27:46.608381
1197,500000,sell,2020-08-10,54.0,45.0,,,,,1.0,1.014586182786305,09:27:47.381992
1198,1000000,sell,2020-08-10,49.0,43.0,,7.0,,,1.0,1.0138881999394496,09:27:48.510113
1199,1500000,sell,2020-08-10,47.0,41.0,,11.0,,,1.0,1.0133209618777936,09:27:49.238031
1200,10000,buy,2020-08-10,,97.0,,,,3.0,,1.0161441073778408,09:28:25.683343
1201,25000,buy,2020-08-10,17.0,81.0,,,,2.0,,1.0161917888335652,09:28:26.760999
1202,50000,buy,2020-08-10,35.0,64.0,,,,1.0,,1.0162430341216075,09:28:27.510757
1203,100000,buy,2020-08-10,44.0,55.0,,,,1.0,,1.0163302138932555,09:28:28.158550
1204,200000,buy,2020-08-10,49.0,50.0,,,,1.0,,1.016499002437395,09:28:29.155232
1205,500000,buy,2020-08-10,52.0,47.0,,,,1.0,,1.017017065598205,09:28:30.540786
1206,1000000,buy,2020-08-10,50.0,44.0,,3.0,,1.0,2.0,1.0179172772377418,09:28:31.233564
1207,1500000,buy,2020-08-10,51.0,44.0,,2.0,,1.0,2.0,1.0188560421856179,09:28:32.121280
1208,10000,sell,2020-08-10,90.0,,,,,,10.0,1.0155225147590845,09:28:32.724085
1209,25000,sell,2020-08-10,84.0,8.0,,,,,8.0,1.0153999795877726,09:28:33.939698
1210,50000,sell,2020-08-10,69.0,27.0,,,,,4.0,1.0153221883196122,09:28:35.215289
1211,100000,sell,2020-08-10,61.0,37.0,,,,,2.0,1.015222450138015,09:28:36.864759
1212,200000,sell,2020-08-10,57.0,42.0,,,,,1.0,1.0150527971190753,09:28:38.138351
1213,500000,sell,2020-08-10,54.0,45.0,,,,,1.0,1.0145861824981863,09:28:39.412942
1214,1000000,sell,2020-08-10,49.0,43.0,,7.0,,,1.0,1.013886673224516,09:28:40.134709
1215,1500000,sell,2020-08-10,47.0,41.0,,11.0,,,1.0,1.013314247115464,09:28:41.417299
1216,10000,buy,2020-08-10,,98.0,,,,2.0,,1.0161207683064075,09:28:50.715317
1217,25000,buy,2020-08-10,10.0,88.0,,,,2.0,,1.0161714331999614,09:28:52.230832
1218,50000,buy,2020-08-10,32.0,67.0,,,,1.0,,1.016227243075008,09:28:53.085558
1219,100000,buy,2020-08-10,43.0,56.0,,,,1.0,,1.01631674134738,09:28:54.349153
1220,200000,buy,2020-08-10,48.0,51.0,,,,1.0,,1.016486607019438,09:28:55.068935
1221,500000,buy,2020-08-10,51.0,48.0,,,,1.0,,1.017005148028107,09:28:55.638987
1222,1000000,buy,2020-08-10,51.0,44.0,,3.0,,1.0,1.0,1.0179072489523033,09:28:56.195809
1223,1500000,buy,2020-08-10,51.0,44.0,,2.0,,1.0,2.0,1.0188478897404492,09:28:56.834678
1224,10000,sell,2020-08-10,90.0,,,,,,10.0,1.0155225147590845,09:28:58.178858
1225,25000,sell,2020-08-10,92.0,,,,,,8.0,1.015399004196163,09:28:59.384929
1226,50000,sell,2020-08-10,73.0,23.0,,,,,4.0,1.015316159032583,09:29:00.120809
1227,100000,sell,2020-08-10,63.0,35.0,,,,,2.0,1.0152139389251154,09:29:00.831115
1228,200000,sell,2020-08-10,58.0,41.0,,,,,1.0,1.0150431103028248,09:29:02.158547
1229,500000,sell,2020-08-10,55.0,44.0,,,,,1.0,1.0145760969173439,09:29:03.195560
1230,1000000,sell,2020-08-10,50.0,42.0,,7.0,,,1.0,1.0138789464912363,09:29:04.463511
1231,1500000,sell,2020-08-10,47.0,41.0,,11.0,,,1.0,1.0133123198608711,09:29:05.836395
1232,10000,buy,2020-08-10,,63.0,,,,37.0,,1.0157194815715536,09:29:42.908071
1233,25000,buy,2020-08-10,3.0,82.0,,,,15.0,,1.015997872258517,09:29:43.727293
1234,50000,buy,2020-08-10,28.0,64.0,,,,8.0,,1.0161345935566608,09:29:44.276248
1235,100000,buy,2020-08-10,41.0,55.0,,,,4.0,,1.01626464282671,09:29:45.647970
1236,200000,buy,2020-08-10,47.0,51.0,,,,2.0,,1.016455048821527,09:29:46.528240
1237,500000,buy,2020-08-10,51.0,48.0,,,,1.0,,1.016984470809835,09:29:47.296949
1238,1000000,buy,2020-08-10,51.0,44.0,,3.0,,1.0,1.0,1.0178844538940928,09:29:48.591851
1239,1500000,buy,2020-08-10,51.0,44.0,,2.0,,1.0,2.0,1.0188235510932118,09:29:49.395648
1240,10000,sell,2020-08-10,90.0,,,,,,10.0,1.0155220154961029,09:29:50.163042
1241,25000,sell,2020-08-10,94.0,2.0,,,,,4.0,1.0153964929763177,09:29:51.728257
1242,50000,sell,2020-08-10,74.0,24.0,,,,,2.0,1.0153131255933452,09:29:52.234114
1243,100000,sell,2020-08-10,64.0,35.0,,,,,1.0,1.0152106511970103,09:29:53.082186
1244,200000,sell,2020-08-10,58.0,41.0,,,,,1.0,1.0150397874540373,09:29:54.590179
1245,500000,sell,2020-08-10,55.0,44.0,,,,,1.0,1.0145724795116184,09:29:55.414405
1246,1000000,sell,2020-08-10,50.0,42.0,,7.0,,,1.0,1.0138759973987463,09:29:56.784667
1247,1500000,sell,2020-08-10,47.0,41.0,,11.0,,,1.0,1.0133035519751639,09:29:58.153944
1248,10000,buy,2020-08-10,,63.0,,,,37.0,,1.0157194815715536,09:30:06.705047
1249,25000,buy,2020-08-10,3.0,82.0,,,,15.0,,1.015997872258517,09:30:08.270341
1250,50000,buy,2020-08-10,28.0,64.0,,,,8.0,,1.016134593049935,09:30:09.814495
1251,100000,buy,2020-08-10,41.0,55.0,,,,4.0,,1.0162687935364836,09:30:11.372949
1252,200000,buy,2020-08-10,47.0,51.0,,,,2.0,,1.0164571247541587,09:30:12.720660
1253,500000,buy,2020-08-10,51.0,48.0,,,,1.0,,1.016985509107801,09:30:13.373644
1254,1000000,buy,2020-08-10,51.0,44.0,,3.0,,1.0,1.0,1.017885491321782,09:30:15.186727
1255,1500000,buy,2020-08-10,51.0,44.0,,2.0,,1.0,2.0,1.0188245876896145,09:30:16.259973
1256,10000,sell,2020-08-10,90.0,,,,,,10.0,1.0155220154961029,09:30:17.657891
1257,25000,sell,2020-08-10,94.0,2.0,,,,,4.0,1.0153964929607013,09:30:18.379837
1258,50000,sell,2020-08-10,74.0,24.0,,,,,2.0,1.0153131254068375,09:30:19.237800
1259,100000,sell,2020-08-10,64.0,35.0,,,,,1.0,1.015210650927591,09:30:19.871518
1260,200000,sell,2020-08-10,58.0,41.0,,,,,1.0,1.0150397871444494,09:30:20.513585
1261,500000,sell,2020-08-10,55.0,44.0,,,,,1.0,1.0145724791972575,09:30:22.024081
1262,1000000,sell,2020-08-10,50.0,42.0,,7.0,,,1.0,1.013875997120958,09:30:23.378723
1263,1500000,sell,2020-08-10,47.0,41.0,,11.0,,,1.0,1.0133035517228404,09:30:24.182613
1264,10000,buy,2020-08-10,,100.0,,,,,,1.0161224563904383,09:30:58.883858
1265,25000,buy,2020-08-10,11.0,89.0,,,,,,1.0161730374331068,09:31:00.202219
1266,50000,buy,2020-08-10,32.0,68.0,,,,,,1.0162287176014235,09:31:01.588653
1267,100000,buy,2020-08-10,43.0,57.0,,,,,,1.0163183272939686,09:31:03.198634
1268,200000,buy,2020-08-10,49.0,51.0,,,,,,1.0164886502648833,09:31:04.662316
1269,500000,buy,2020-08-10,52.0,48.0,,,,,,1.0170089614014197,09:31:06.193060
1270,1000000,buy,2020-08-10,52.0,45.0,,3.0,,,,1.0179172701924808,09:31:07.593300
1271,1500000,buy,2020-08-10,52.0,45.0,,2.0,,1.0,,1.0189023252048204,09:31:09.161962
1272,10000,sell,2020-08-10,90.0,,,,,,10.0,1.0155220154961029,09:31:10.024894
1273,25000,sell,2020-08-10,91.0,1.0,,,,,8.0,1.0153984983648119,09:31:11.270037
1274,50000,sell,2020-08-10,73.0,23.0,,,,,4.0,1.0153157557798613,09:31:12.721194
