,amount,buy_or_sell,date,liquidity_curve_susd,liquidity_curvefi,liquidity_kyber,liquidity_oasis,liquidity_uniswap,liquidity_uniswap_v2,liquidity_zero_x,price,time
0,10000,buy,2020-08-09,100.0,,,,,,,1.0173511317339645,13:26:59.973077
1,25000,buy,2020-08-09,100.0,,,,,,,1.0174017938953215,13:27:00.652911
2,50000,buy,2020-08-09,88.0,12.0,,,,,,1.0174812990207631,13:27:02.061844
3,100000,buy,2020-08-09,69.0,31.0,,,,,,1.017591815643208,13:27:02.978418
4,200000,buy,2020-08-09,60.0,40.0,,,,,,1.0177806409394095,13:27:03.796058
5,500000,buy,2020-08-09,52.0,43.0,,5.0,,,,1.018327051058532,13:27:04.513552
6,1000000,buy,2020-08-09,50.0,44.0,,3.0,,,3.0,1.0192374958325638,13:27:05.452631
7,1500000,buy,2020-08-09,51.0,44.0,,2.0,,,3.0,1.0202549554883709,13:27:06.832630
8,10000,sell,2020-08-09,,74.0,,,,6.0,20.0,1.0170076818350406,13:27:08.226139
9,25000,sell,2020-08-09,,89.0,,,,3.0,8.0,1.0167897884478023,13:27:09.703012
10,50000,sell,2020-08-09,12.0,83.0,,,,1.0,4.0,1.016652632871317,13:27:10.553064
11,100000,sell,2020-08-09,31.0,66.0,,,,1.0,2.0,1.0165094364454181,13:27:11.286206
12,200000,sell,2020-08-09,41.0,58.0,,,,,1.0,1.0163054120796844,13:27:12.001160
13,500000,sell,2020-08-09,46.0,53.0,,,,,1.0,1.0157976014284376,13:27:13.461233
14,1000000,sell,2020-08-09,48.0,51.0,,,,,1.0,1.0150324508921607,13:27:14.224484
15,1500000,sell,2020-08-09,46.0,50.0,,1.0,,,3.0,1.0143461435978618,13:27:15.084616
16,10000,buy,2020-08-09,100.0,,,,,,,1.0173511317339645,13:28:15.871430
17,25000,buy,2020-08-09,100.0,,,,,,,1.0174017938953215,13:28:17.174204
18,50000,buy,2020-08-09,88.0,12.0,,,,,,1.0174812989100768,13:28:17.910563
19,100000,buy,2020-08-09,69.0,31.0,,,,,,1.017591815396066,13:28:19.006608
20,200000,buy,2020-08-09,60.0,40.0,,,,,,1.0177806406152416,13:28:19.681619
21,500000,buy,2020-08-09,52.0,43.0,,5.0,,,,1.0183270506935858,13:28:21.001933
22,1000000,buy,2020-08-09,50.0,44.0,,3.0,,,3.0,1.0192374954279886,13:28:21.701602
23,1500000,buy,2020-08-09,51.0,44.0,,2.0,,,3.0,1.0202549550489233,13:28:22.484378
24,10000,sell,2020-08-09,,77.0,,,,3.0,20.0,1.0168657821022065,13:28:23.782961
25,25000,sell,2020-08-09,,91.0,,,,1.0,8.0,1.016732893737362,13:28:24.461744
26,50000,sell,2020-08-09,12.0,83.0,,,,1.0,4.0,1.016622964050086,13:28:25.128530
27,100000,sell,2020-08-09,32.0,66.0,,,,,2.0,1.0164927625166438,13:28:26.361135
28,200000,sell,2020-08-09,41.0,58.0,,,,,1.0,1.0163054112486543,13:28:27.092899
29,500000,sell,2020-08-09,46.0,53.0,,,,,1.0,1.0157976007049052,13:28:27.775682
30,1000000,sell,2020-08-09,48.0,51.0,,,,,1.0,1.0150324502469268,13:28:28.959302
31,1500000,sell,2020-08-09,46.0,50.0,,1.0,,,3.0,1.0143461430084444,13:28:30.245890
32,10000,buy,2020-08-09,100.0,,,,,,,1.017423770111191,13:29:31.633858
33,25000,buy,2020-08-09,100.0,,,,,,,1.0174746800860368,13:29:32.463787
34,50000,buy,2020-08-09,77.0,23.0,,,,,,1.0175414634278148,13:29:33.731624
35,100000,buy,2020-08-09,64.0,36.0,,,,,,1.0176408751848722,13:29:35.070437
36,200000,buy,2020-08-09,58.0,42.0,,,,,,1.0178245461653297,13:29:36.504807
37,500000,buy,2020-08-09,51.0,44.0,,5.0,,,,1.0183670124110573,13:29:37.757721
38,1000000,buy,2020-08-09,50.0,44.0,,3.0,,,3.0,1.0192838349509403,13:29:39.024873
39,1500000,buy,2020-08-09,51.0,45.0,,2.0,,,2.0,1.0203095460589557,13:29:39.678031
40,10000,sell,2020-08-09,,87.0,,,,3.0,10.0,1.0168610520458488,13:29:40.973281
41,25000,sell,2020-08-09,,95.0,,,,1.0,4.0,1.0167266838846085,13:29:42.392727
42,50000,sell,2020-08-09,24.0,73.0,,,,1.0,2.0,1.0166307922816855,13:29:42.936726
43,100000,sell,2020-08-09,38.0,61.0,,,,,1.0,1.0165133316821722,13:29:43.763298
44,200000,sell,2020-08-09,44.0,56.0,,,,,,1.016324052949525,13:29:45.057187
45,500000,sell,2020-08-09,48.0,52.0,,,,,,1.0158245950166833,13:29:45.839324
46,1000000,sell,2020-08-09,48.0,51.0,,,,,1.0,1.0150591769133028,13:29:47.176956
47,1500000,sell,2020-08-09,47.0,50.0,,1.0,,,2.0,1.0143669200662204,13:29:48.462793
48,10000,buy,2020-08-09,100.0,,,,,,,1.0174243160621141,13:30:49.893001
49,25000,buy,2020-08-09,100.0,,,,,,,1.0174752273654943,13:30:50.819703
50,50000,buy,2020-08-09,77.0,23.0,,,,,,1.0175418850255151,13:30:51.559466
51,100000,buy,2020-08-09,64.0,36.0,,,,,,1.0176412265132837,13:30:52.905036
52,200000,buy,2020-08-09,58.0,42.0,,,,,,1.0178246946072549,13:30:54.372565
53,500000,buy,2020-08-09,51.0,44.0,,5.0,,,,1.0183671464456938,13:30:55.090333
54,1000000,buy,2020-08-09,50.0,44.0,,3.0,,,3.0,1.0192798976369697,13:30:56.557863
55,1500000,buy,2020-08-09,50.0,45.0,,2.0,,,3.0,1.0203001455666545,13:30:57.879930
56,10000,sell,2020-08-09,,78.0,,,,2.0,20.0,1.0168339849348933,13:30:58.722571
57,25000,sell,2020-08-09,,91.0,,,,1.0,8.0,1.0167211499797237,13:30:59.293960
58,50000,sell,2020-08-09,23.0,73.0,,,,,4.0,1.0166253925159088,13:31:00.617626
59,100000,sell,2020-08-09,37.0,61.0,,,,,2.0,1.0165176530536437,13:31:02.490627
60,200000,sell,2020-08-09,44.0,55.0,,,,,1.0,1.016335684988317,13:31:03.196693
61,500000,sell,2020-08-09,47.0,52.0,,,,,1.0,1.0158298249000894,13:31:03.987309
62,1000000,sell,2020-08-09,48.0,51.0,,,,,1.0,1.0150636995857987,13:31:04.631110
63,1500000,sell,2020-08-09,47.0,49.0,,1.0,,,3.0,1.0143752712556786,13:31:06.136965
64,10000,buy,2020-08-09,100.0,,,,,,,1.0174188370293744,13:32:07.573279
65,25000,buy,2020-08-09,100.0,,,,,,,1.0174697275287081,13:32:08.386685
66,50000,buy,2020-08-09,78.0,22.0,,,,,,1.0175376202337414,13:32:09.571761
67,100000,buy,2020-08-09,64.0,36.0,,,,,,1.0176376699732277,13:32:10.955030
68,200000,buy,2020-08-09,58.0,42.0,,,,,,1.0178216002368843,13:32:12.426996
69,500000,buy,2020-08-09,51.0,44.0,,5.0,,,,1.0183643217104124,13:32:13.186864
70,1000000,buy,2020-08-09,50.0,44.0,,3.0,,,3.0,1.019276933319117,13:32:14.003132
71,1500000,buy,2020-08-09,50.0,45.0,,2.0,,,3.0,1.0202969571039149,13:32:14.951658
72,10000,sell,2020-08-09,,79.0,,,,1.0,20.0,1.016815667028241,13:32:15.735908
73,25000,sell,2020-08-09,,92.0,,,,,8.0,1.016710777053502,13:32:17.151085
74,50000,sell,2020-08-09,23.0,73.0,,,,,4.0,1.0166242609147569,13:32:18.574790
75,100000,sell,2020-08-09,37.0,61.0,,,,,2.0,1.0165157561278628,13:32:19.877335
76,200000,sell,2020-08-09,44.0,55.0,,,,,1.0,1.0163335699616247,13:32:21.103809
77,500000,sell,2020-08-09,47.0,52.0,,,,,1.0,1.0158276500506072,13:32:22.411756
78,1000000,sell,2020-08-09,48.0,51.0,,,,,1.0,1.0150616111854043,13:32:23.151484
79,1500000,sell,2020-08-09,47.0,49.0,,1.0,,,3.0,1.014373333982508,13:32:24.802099
80,10000,buy,2020-08-09,100.0,,,,,,,1.0174188370293744,13:33:25.559619
81,25000,buy,2020-08-09,100.0,,,,,,,1.0174697275287081,13:33:26.325373
82,50000,buy,2020-08-09,78.0,22.0,,,,,,1.0175376195167418,13:33:27.694933
83,100000,buy,2020-08-09,64.0,36.0,,,,,,1.0176376687901565,13:33:28.517670
84,200000,buy,2020-08-09,58.0,42.0,,,,,,1.0178215988342625,13:33:29.923219
85,500000,buy,2020-08-09,51.0,44.0,,5.0,,,,1.0183643201710217,13:33:30.668979
86,1000000,buy,2020-08-09,50.0,44.0,,3.0,,,3.0,1.0192769316542196,13:33:31.648667
87,1500000,buy,2020-08-09,50.0,45.0,,2.0,,,3.0,1.0202969552439667,13:33:33.044219
88,10000,sell,2020-08-09,,79.0,,,,1.0,20.0,1.0168156644714539,13:33:33.785981
89,25000,sell,2020-08-09,,92.0,,,,,8.0,1.0167107740911407,13:33:34.568730
90,50000,sell,2020-08-09,23.0,73.0,,,,,4.0,1.0166242585748562,13:33:35.916298
91,100000,sell,2020-08-09,37.0,61.0,,,,,2.0,1.0165157541886067,13:33:36.622071
92,200000,sell,2020-08-09,44.0,55.0,,,,,1.0,1.016333568241375,13:33:37.328845
93,500000,sell,2020-08-09,47.0,52.0,,,,,1.0,1.0158241641815564,13:33:37.997631
94,1000000,sell,2020-08-09,48.0,51.0,,,,,1.0,1.015057038779625,13:33:39.670094
95,1500000,sell,2020-08-09,47.0,50.0,,1.0,,,2.0,1.0143640046563636,13:33:40.396862
96,10000,buy,2020-08-09,100.0,,,,,,,1.0174188370293744,13:34:41.180773
97,25000,buy,2020-08-09,100.0,,,,,,,1.0174697275287081,13:34:41.941891
98,50000,buy,2020-08-09,78.0,22.0,,,,,,1.0175376188676384,13:34:43.355744
99,100000,buy,2020-08-09,64.0,36.0,,,,,,1.0176376677191163,13:34:44.616830
100,200000,buy,2020-08-09,58.0,42.0,,,,,,1.017821597564462,13:34:45.320700
101,500000,buy,2020-08-09,51.0,44.0,,5.0,,,,1.018364318777403,13:34:46.185788
102,1000000,buy,2020-08-09,50.0,44.0,,3.0,,,3.0,1.0192803254227256,13:34:47.479872
103,1500000,buy,2020-08-09,50.0,45.0,,2.0,,,3.0,1.0203056433339086,13:34:48.173258
104,10000,sell,2020-08-09,,79.0,,,,1.0,20.0,1.0168156621567819,13:34:48.961722
105,25000,sell,2020-08-09,,92.0,,,,,8.0,1.0167107714093007,13:34:49.734013
106,50000,sell,2020-08-09,23.0,73.0,,,,,4.0,1.0166242564565329,13:34:51.051391
107,100000,sell,2020-08-09,37.0,61.0,,,,,2.0,1.0165157524329886,13:34:52.000605
108,200000,sell,2020-08-09,44.0,55.0,,,,,1.0,1.0163335666840247,13:34:53.426880
109,500000,sell,2020-08-09,47.0,52.0,,,,,1.0,1.015828130299194,13:34:54.227844
110,1000000,sell,2020-08-09,48.0,50.0,,,,,2.0,1.0150646302662452,13:34:55.552411
111,1500000,sell,2020-08-09,47.0,49.0,,1.0,,,3.0,1.0143811291076135,13:34:56.342392
112,10000,buy,2020-08-09,100.0,,,,,,,1.0174188370293744,13:35:57.111907
113,25000,buy,2020-08-09,100.0,,,,,,,1.0174697275287081,13:35:58.970311
114,50000,buy,2020-08-09,78.0,22.0,,,,,,1.017537618664188,13:35:59.664090
115,100000,buy,2020-08-09,64.0,36.0,,,,,,1.0176376673834169,13:36:00.935498
116,200000,buy,2020-08-09,58.0,42.0,,,,,,1.0178215971664646,13:36:02.350044
117,500000,buy,2020-08-09,51.0,44.0,,5.0,,,,1.0183643183405968,13:36:03.218080
118,1000000,buy,2020-08-09,50.0,44.0,,3.0,,,3.0,1.0192777354303337,13:36:04.618684
119,1500000,buy,2020-08-09,50.0,45.0,,2.0,,,3.0,1.0202974894548367,13:36:05.430713
120,10000,sell,2020-08-09,,89.0,,,,1.0,10.0,1.0167310040084068,13:36:06.764748
121,25000,sell,2020-08-09,,96.0,,,,,4.0,1.0166725785740691,13:36:08.177296
122,50000,sell,2020-08-09,24.0,74.0,,,,,2.0,1.0166032561146428,13:36:09.107998
123,100000,sell,2020-08-09,37.0,62.0,,,,,1.0,1.016503525052414,13:36:10.672495
124,200000,sell,2020-08-09,44.0,56.0,,,,,,1.0163219315702934,13:36:11.427365
125,500000,sell,2020-08-09,48.0,52.0,,,,,,1.01582237215874,13:36:12.241104
126,1000000,sell,2020-08-09,48.0,50.0,,,,,2.0,1.0150608863041937,13:36:13.550457
127,1500000,sell,2020-08-09,47.0,49.0,,1.0,,,3.0,1.0143735502533076,13:36:14.965642
128,10000,buy,2020-08-09,100.0,,,,,,,1.0174289681189281,13:37:15.767618
129,25000,buy,2020-08-09,100.0,,,,,,,1.0174798957674822,13:37:16.606323
130,50000,buy,2020-08-09,80.0,20.0,,,,,,1.0175506110165955,13:37:17.573628
131,100000,buy,2020-08-09,65.0,35.0,,,,,,1.0176525479241485,13:37:18.234681
132,200000,buy,2020-08-09,58.0,42.0,,,,,,1.0178376108810545,13:37:19.110628
133,500000,buy,2020-08-09,52.0,43.0,,5.0,,,,1.0183806001666869,13:37:20.498003
134,1000000,buy,2020-08-09,50.0,44.0,,3.0,,,3.0,1.019295219680493,13:37:21.962737
135,1500000,buy,2020-08-09,50.0,45.0,,2.0,,,3.0,1.0203166757611086,13:37:23.270315
136,10000,sell,2020-08-09,,76.0,,,3.0,1.0,20.0,1.0168597100000694,13:37:24.053598
137,25000,sell,2020-08-09,,91.0,,,1.0,,8.0,1.0167432554152134,13:37:25.360106
138,50000,sell,2020-08-09,20.0,75.0,,,1.0,,4.0,1.0166475286840901,13:37:26.804146
139,100000,sell,2020-08-09,36.0,62.0,,,,,2.0,1.016533389401383,13:37:28.191421
140,200000,sell,2020-08-09,43.0,56.0,,,,,1.0,1.0163502648462106,13:37:29.563047
141,500000,sell,2020-08-09,47.0,52.0,,,,,1.0,1.01584372629265,13:37:30.810656
142,1000000,sell,2020-08-09,48.0,50.0,,,,,2.0,1.0150789259613058,13:37:31.402181
143,1500000,sell,2020-08-09,47.0,49.0,,1.0,,,3.0,1.014394320263192,13:37:31.984229
144,10000,buy,2020-08-09,100.0,,,,,,,1.0174289681189281,13:38:33.475511
145,25000,buy,2020-08-09,100.0,,,,,,,1.0174798957674822,13:38:34.790088
146,50000,buy,2020-08-09,80.0,20.0,,,,,,1.0175506102842378,13:38:36.179643
147,100000,buy,2020-08-09,65.0,35.0,,,,,,1.0176525466318105,13:38:36.854426
148,200000,buy,2020-08-09,58.0,42.0,,,,,,1.0178376093045816,13:38:38.198998
149,500000,buy,2020-08-09,52.0,43.0,,5.0,,,,1.0183805981532295,13:38:38.900771
150,1000000,buy,2020-08-09,50.0,44.0,,3.0,,,3.0,1.0192978070571406,13:38:40.277329
151,1500000,buy,2020-08-09,50.0,45.0,,2.0,,,3.0,1.0203248269252123,13:38:40.933117
152,10000,sell,2020-08-09,,76.0,,,3.0,1.0,20.0,1.0168568382242449,13:38:41.695874
153,25000,sell,2020-08-09,,91.0,,,1.0,,8.0,1.0167432514866923,13:38:43.050439
154,50000,sell,2020-08-09,20.0,75.0,,,1.0,,4.0,1.0166475254623593,13:38:44.441994
155,100000,sell,2020-08-09,36.0,62.0,,,,,2.0,1.0165333867598916,13:38:45.174757
156,200000,sell,2020-08-09,43.0,56.0,,,,,1.0,1.0163502624996983,13:38:46.492336
157,500000,sell,2020-08-09,47.0,52.0,,,,,1.0,1.0158436242160804,13:38:47.765938
158,1000000,sell,2020-08-09,48.0,50.0,,,,,2.0,1.0150770361282313,13:38:48.510697
159,1500000,sell,2020-08-09,47.0,49.0,,1.0,,,3.0,1.0143873829489305,13:38:49.823284
160,10000,buy,2020-08-09,100.0,,,,,,,1.0174289681189281,13:39:51.299668
161,25000,buy,2020-08-09,100.0,,,,,,,1.0174798957674822,13:39:52.624184
162,50000,buy,2020-08-09,80.0,20.0,,,,,,1.0175506094724645,13:39:53.338312
163,100000,buy,2020-08-09,65.0,35.0,,,,,,1.0176525451993337,13:39:54.664341
164,200000,buy,2020-08-09,58.0,42.0,,,,,,1.0178376075571585,13:39:55.415512
165,500000,buy,2020-08-09,52.0,43.0,,5.0,,,,1.0183805966075399,13:39:56.108619
166,1000000,buy,2020-08-09,50.0,44.0,,3.0,,,3.0,1.0192937881225268,13:39:57.522165
167,1500000,buy,2020-08-09,50.0,45.0,,2.0,,,3.0,1.0203157209334308,13:39:58.805412
168,10000,sell,2020-08-09,,77.0,,,2.0,1.0,20.0,1.016843803158088,13:39:59.632241
169,25000,sell,2020-08-09,,91.0,,,1.0,,8.0,1.0167377173281067,13:40:00.324449
170,50000,sell,2020-08-09,21.0,75.0,,,,,4.0,1.0166434230848174,13:40:01.027119
171,100000,sell,2020-08-09,36.0,62.0,,,,,2.0,1.016533384732073,13:40:02.456707
172,200000,sell,2020-08-09,43.0,56.0,,,,,1.0,1.016350260437605,13:40:03.805204
173,500000,sell,2020-08-09,47.0,52.0,,,,,1.0,1.0158393948712103,13:40:04.407316
174,1000000,sell,2020-08-09,48.0,51.0,,,,,1.0,1.0150704207028205,13:40:05.130636
175,1500000,sell,2020-08-09,48.0,50.0,,1.0,,,1.0,1.0143692064910497,13:40:06.733068
176,10000,buy,2020-08-09,100.0,,,,,,,1.0174289681189281,13:41:07.707584
177,25000,buy,2020-08-09,100.0,,,,,,,1.0174798957674822,13:41:09.199252
178,50000,buy,2020-08-09,80.0,20.0,,,,,,1.017550609181285,13:41:10.977565
179,100000,buy,2020-08-09,65.0,35.0,,,,,,1.0176525446855105,13:41:12.347784
180,200000,buy,2020-08-09,58.0,42.0,,,,,,1.0178376069303654,13:41:13.043255
181,500000,buy,2020-08-09,52.0,43.0,,5.0,,,,1.0183805959363852,13:41:14.410225
182,1000000,buy,2020-08-09,50.0,44.0,,3.0,,,3.0,1.0192937873784762,13:41:15.356219
183,1500000,buy,2020-08-09,50.0,45.0,,2.0,,,3.0,1.020315719547985,13:41:16.755709
184,10000,sell,2020-08-09,,77.0,,,2.0,1.0,20.0,1.0168438013019137,13:41:18.093644
185,25000,sell,2020-08-09,,91.0,,,1.0,,8.0,1.016737715145588,13:41:19.409761
186,50000,sell,2020-08-09,21.0,75.0,,,,,4.0,1.016643421294961,13:41:20.898962
187,100000,sell,2020-08-09,36.0,62.0,,,,,2.0,1.0165333832645733,13:41:21.653812
188,200000,sell,2020-08-09,43.0,56.0,,,,,1.0,1.0163502593947076,13:41:23.096107
189,500000,sell,2020-08-09,47.0,52.0,,,,,1.0,1.0158407154682876,13:41:24.245635
190,1000000,sell,2020-08-09,48.0,51.0,,,,,1.0,1.0150727373652948,13:41:24.952389
191,1500000,sell,2020-08-09,47.0,50.0,,1.0,,,2.0,1.0143794323905002,13:41:26.243976
192,10000,buy,2020-08-09,78.0,22.0,,,,,,1.0175526724203856,14:02:29.079845
193,25000,buy,2020-08-09,62.0,38.0,,,,,,1.0175818032896837,14:02:30.454674
194,50000,buy,2020-08-09,56.0,44.0,,,,,,1.0176265647395324,14:02:31.187839
195,100000,buy,2020-08-09,54.0,46.0,,,,,,1.0177151685123804,14:02:32.561893
196,200000,buy,2020-08-09,53.0,47.0,,,,,,1.0178940301718125,14:02:33.374905
197,500000,buy,2020-08-09,49.0,45.0,,5.0,,,1.0,1.0184311150972556,14:02:34.083908
198,1000000,buy,2020-08-09,49.0,45.0,,3.0,,,3.0,1.0193321187525408,14:02:34.845411
199,1500000,buy,2020-08-09,50.0,45.0,,2.0,,,3.0,1.020360875843658,14:02:35.809856
200,10000,sell,2020-08-09,13.0,63.0,,,4.0,,20.0,1.0168453060864766,14:02:37.371683
201,25000,sell,2020-08-09,36.0,55.0,,,1.0,,8.0,1.0167402914710164,14:02:38.703856
202,50000,sell,2020-08-09,43.0,52.0,,,1.0,,4.0,1.0166714958712395,14:02:40.030226
203,100000,sell,2020-08-09,47.0,51.0,,,,,2.0,1.0165668833523818,14:02:40.845820
204,200000,sell,2020-08-09,49.0,50.0,,,,,1.0,1.0163903881383565,14:02:41.617916
205,500000,sell,2020-08-09,50.0,49.0,,,,,1.0,1.0158853296860035,14:02:43.195816
206,1000000,sell,2020-08-09,49.0,50.0,,,,,1.0,1.015116719390193,14:02:44.497859
207,1500000,sell,2020-08-09,48.0,49.0,,,,,3.0,1.0144202004468725,14:02:45.240356
208,10000,buy,2020-08-09,78.0,22.0,,,,,,1.0175526717443868,14:03:29.599243
209,25000,buy,2020-08-09,62.0,38.0,,,,,,1.0175818021192187,14:03:30.395007
210,50000,buy,2020-08-09,56.0,44.0,,,,,,1.0176265633786283,14:03:31.718080
211,100000,buy,2020-08-09,54.0,46.0,,,,,,1.0177151669552673,14:03:33.132176
212,200000,buy,2020-08-09,53.0,47.0,,,,,,1.0178940285549993,14:03:34.385969
213,500000,buy,2020-08-09,49.0,46.0,,5.0,,,,1.018432084885319,14:03:35.821224
214,1000000,buy,2020-08-09,51.0,46.0,,3.0,,,,1.0193758397895265,14:03:36.671617
215,1500000,buy,2020-08-09,51.0,46.0,,2.0,,,1.0,1.0204407935730466,14:03:37.344399
216,10000,sell,2020-08-09,13.0,64.0,,,3.0,,20.0,1.0168275887152074,14:03:38.642985
217,25000,sell,2020-08-09,36.0,55.0,,,1.0,,8.0,1.0167345862616473,14:03:39.493711
218,50000,sell,2020-08-09,43.0,52.0,,,1.0,,4.0,1.016665795923056,14:03:40.217113
219,100000,sell,2020-08-09,47.0,51.0,,,,,2.0,1.0165668811991375,14:03:41.546650
220,200000,sell,2020-08-09,49.0,50.0,,,,,1.0,1.0163903860615593,14:03:42.950795
221,500000,sell,2020-08-09,50.0,49.0,,,,,1.0,1.0158853277447426,14:03:43.809132
222,1000000,sell,2020-08-09,49.0,50.0,,,,,1.0,1.0151167175606368,14:03:45.200685
223,1500000,sell,2020-08-09,48.0,49.0,,,,,3.0,1.0144201987741355,14:03:45.965226
224,10000,buy,2020-08-09,78.0,22.0,,,,,,1.0175526714739873,14:03:46.718982
225,25000,buy,2020-08-09,62.0,38.0,,,,,,1.0175818015340314,14:03:48.019670
226,50000,buy,2020-08-09,56.0,44.0,,,,,,1.0176265626982286,14:03:49.591205
227,100000,buy,2020-08-09,54.0,46.0,,,,,,1.0177151663611608,14:03:50.485232
228,200000,buy,2020-08-09,53.0,47.0,,,,,,1.0178940279381143,14:03:51.190711
229,500000,buy,2020-08-09,49.0,46.0,,5.0,,,,1.0184320842527212,14:03:52.449735
230,1000000,buy,2020-08-09,51.0,46.0,,3.0,,,,1.019375839102681,14:03:53.303537
231,1500000,buy,2020-08-09,51.0,46.0,,2.0,,,1.0,1.0204317921239876,14:03:54.116460
232,10000,sell,2020-08-09,15.0,65.0,,,,,20.0,1.016803213968475,14:03:55.362412
233,25000,sell,2020-08-09,37.0,55.0,,,,,8.0,1.0167242777200838,14:03:56.722121
234,50000,sell,2020-08-09,44.0,52.0,,,,,4.0,1.0166628702743086,14:03:57.375423
235,100000,sell,2020-08-09,47.0,51.0,,,,,2.0,1.016566881045394,14:03:58.755069
236,200000,sell,2020-08-09,49.0,50.0,,,,,1.0,1.0163903859132744,14:04:00.169146
237,500000,sell,2020-08-09,50.0,49.0,,,,,1.0,1.0158853276061364,14:04:01.524840
238,1000000,sell,2020-08-09,49.0,50.0,,,,,1.0,1.0151167174300078,14:04:03.019713
239,1500000,sell,2020-08-09,48.0,49.0,,,,,3.0,1.0144201986547046,14:04:04.490437
240,10000,buy,2020-08-09,78.0,22.0,,,,,,1.0175526710493294,14:04:47.360566
241,25000,buy,2020-08-09,62.0,38.0,,,,,,1.0175818009157545,14:04:47.994839
242,50000,buy,2020-08-09,56.0,44.0,,,,,,1.017626561979355,14:04:48.872601
243,100000,buy,2020-08-09,54.0,46.0,,,,,,1.017715165603577,14:04:49.595451
244,200000,buy,2020-08-09,53.0,47.0,,,,,,1.0178940271514816,14:04:51.066618
245,500000,buy,2020-08-09,49.0,45.0,,5.0,,,1.0,1.0184317596041466,14:04:51.694496
246,1000000,buy,2020-08-09,49.0,45.0,,3.0,,,3.0,1.0193415002753927,14:04:52.413537
247,1500000,buy,2020-08-09,50.0,45.0,,2.0,,,3.0,1.0203679510738193,14:04:53.828481
248,10000,sell,2020-08-09,15.0,65.0,,,,,20.0,1.0168032129173568,14:04:54.559478
249,25000,sell,2020-08-09,37.0,55.0,,,,,8.0,1.0167242768328586,14:04:55.864305
250,50000,sell,2020-08-09,44.0,52.0,,,,,4.0,1.0166628694389448,14:04:57.258850
251,100000,sell,2020-08-09,47.0,51.0,,,,,2.0,1.0165668802329606,14:04:58.254958
252,200000,sell,2020-08-09,49.0,50.0,,,,,1.0,1.016390385129688,14:04:59.588081
253,500000,sell,2020-08-09,50.0,49.0,,,,,1.0,1.0158853268736974,14:05:00.914791
254,1000000,sell,2020-08-09,49.0,50.0,,,,,1.0,1.015116716739729,14:05:02.499474
255,1500000,sell,2020-08-09,48.0,49.0,,,,,3.0,1.0144201976824143,14:05:03.657380
256,10000,buy,2020-08-09,78.0,22.0,,,,,,1.0175526708562832,14:05:05.921333
257,25000,buy,2020-08-09,62.0,38.0,,,,,,1.0175818005815023,14:05:06.906975
258,50000,buy,2020-08-09,56.0,44.0,,,,,,1.0176265615907183,14:05:07.834301
259,100000,buy,2020-08-09,54.0,46.0,,,,,,1.0177151651940133,14:05:09.151442
260,200000,buy,2020-08-09,53.0,47.0,,,,,,1.017894026726214,14:05:09.855689
261,500000,buy,2020-08-09,49.0,45.0,,5.0,,,1.0,1.01843175917825,14:05:10.621356
262,1000000,buy,2020-08-09,49.0,45.0,,3.0,,,3.0,1.01934149981387,14:05:11.980446
263,1500000,buy,2020-08-09,50.0,45.0,,2.0,,,3.0,1.0203679505714296,14:05:12.836374
264,10000,sell,2020-08-09,15.0,65.0,,,,,20.0,1.0168032123491024,14:05:14.205028
265,25000,sell,2020-08-09,37.0,55.0,,,,,8.0,1.0167242763532078,14:05:15.768950
266,50000,sell,2020-08-09,44.0,52.0,,,,,4.0,1.0166628689873312,14:05:17.113120
267,100000,sell,2020-08-09,47.0,51.0,,,,,2.0,1.0165668797937435,14:05:18.424483
268,200000,sell,2020-08-09,49.0,50.0,,,,,1.0,1.0163903847060658,14:05:19.062775
269,500000,sell,2020-08-09,50.0,49.0,,,,,1.0,1.0158853264777252,14:05:19.769603
270,1000000,sell,2020-08-09,49.0,50.0,,,,,1.0,1.0151167163665478,14:05:21.087242
271,1500000,sell,2020-08-09,48.0,49.0,,,,,3.0,1.0144201976824143,14:05:21.781653
272,10000,buy,2020-08-09,78.0,22.0,,,,,,1.0175526701902704,14:06:05.018539
273,25000,buy,2020-08-09,62.0,38.0,,,,,,1.0175817994283276,14:06:06.777753
274,50000,buy,2020-08-09,56.0,44.0,,,,,,1.0176265602499164,14:06:07.522344
275,100000,buy,2020-08-09,54.0,46.0,,,,,,1.0177151637810127,14:06:08.338558
276,200000,buy,2020-08-09,53.0,47.0,,,,,,1.0178940252590345,14:06:09.787905
277,500000,buy,2020-08-09,49.0,45.0,,5.0,,,1.0,1.0184317577089006,14:06:11.537855
278,1000000,buy,2020-08-09,49.0,45.0,,3.0,,,3.0,1.01934149822161,14:06:12.897862
279,1500000,buy,2020-08-09,50.0,45.0,,2.0,,,3.0,1.0203679488381783,14:06:13.724074
280,10000,sell,2020-08-09,20.0,70.0,,,,,10.0,1.0167186461221829,14:06:14.961585
281,25000,sell,2020-08-09,39.0,57.0,,,,,4.0,1.0166883376614837,14:06:16.464449
282,50000,sell,2020-08-09,45.0,53.0,,,,,2.0,1.0166431485395937,14:06:17.772984
283,100000,sell,2020-08-09,48.0,51.0,,,,,1.0,1.016555294784283,14:06:18.489756
284,200000,sell,2020-08-09,50.0,50.0,,,,,,1.0163793494691544,14:06:19.797990
285,500000,sell,2020-08-09,50.0,50.0,,,,,,1.0158810506398654,14:06:21.111731
286,1000000,sell,2020-08-09,49.0,50.0,,,,,1.0,1.0151121089790667,14:06:21.858067
287,1500000,sell,2020-08-09,48.0,49.0,,1.0,,,2.0,1.014411757864656,14:06:23.157570
288,10000,buy,2020-08-09,78.0,22.0,,,,,,1.0175526701902704,14:06:23.874349
289,25000,buy,2020-08-09,62.0,38.0,,,,,,1.0175817994283276,14:06:24.646811
290,50000,buy,2020-08-09,56.0,44.0,,,,,,1.0176265602499164,14:06:25.963107
291,100000,buy,2020-08-09,54.0,46.0,,,,,,1.0177151637810127,14:06:27.288261
292,200000,buy,2020-08-09,53.0,47.0,,,,,,1.0178940252590345,14:06:27.919333
293,500000,buy,2020-08-09,49.0,45.0,,5.0,,,1.0,1.0184317577089006,14:06:28.590383
294,1000000,buy,2020-08-09,49.0,45.0,,3.0,,,3.0,1.01934149822161,14:06:29.480285
295,1500000,buy,2020-08-09,50.0,45.0,,2.0,,,3.0,1.0203679481348302,14:06:30.880398
296,10000,sell,2020-08-09,20.0,70.0,,,,,10.0,1.0167186452655717,14:06:31.729333
297,25000,sell,2020-08-09,39.0,57.0,,,,,4.0,1.016688336965669,14:06:32.889166
298,50000,sell,2020-08-09,45.0,53.0,,,,,2.0,1.0166431475271038,14:06:33.628659
299,100000,sell,2020-08-09,48.0,51.0,,,,,1.0,1.0165552938180014,14:06:34.400192
300,200000,sell,2020-08-09,50.0,50.0,,,,,,1.0163793485371815,14:06:35.007792
301,500000,sell,2020-08-09,50.0,50.0,,,,,,1.0158810497523683,14:06:35.893738
302,1000000,sell,2020-08-09,49.0,50.0,,,,,1.0,1.0151121081580645,14:06:37.171705
303,1500000,sell,2020-08-09,48.0,49.0,,1.0,,,2.0,1.0144117571140359,14:06:37.870380
304,10000,buy,2020-08-09,66.0,34.0,,,,,,1.0175648483933841,14:07:24.505374
305,25000,buy,2020-08-09,57.0,43.0,,,,,,1.017591901773517,14:07:25.102934
306,50000,buy,2020-08-09,54.0,46.0,,,,,,1.0176359876956351,14:07:25.826780
307,100000,buy,2020-08-09,53.0,47.0,,,,,,1.0177243169432901,14:07:27.387603
308,200000,buy,2020-08-09,52.0,48.0,,,,,,1.0179030904112532,14:07:28.216902
309,500000,buy,2020-08-09,49.0,46.0,,5.0,,,,1.0184408869181723,14:07:29.609534
310,1000000,buy,2020-08-09,49.0,45.0,,3.0,,,3.0,1.019354698695983,14:07:31.061954
311,1500000,buy,2020-08-09,50.0,45.0,,2.0,,,3.0,1.0203873876677907,14:07:32.404999
312,10000,sell,2020-08-09,27.0,53.0,,,,,20.0,1.0168067170018054,14:07:33.879844
313,25000,sell,2020-08-09,41.0,51.0,,,,,8.0,1.016730861453213,14:07:35.188066
314,50000,sell,2020-08-09,46.0,50.0,,,,,4.0,1.016670455067902,14:07:36.014797
315,100000,sell,2020-08-09,49.0,49.0,,,,,2.0,1.0165749205153631,14:07:36.767076
316,200000,sell,2020-08-09,50.0,49.0,,,,,1.0,1.0163985623348109,14:07:37.602828
317,500000,sell,2020-08-09,50.0,49.0,,,,,1.0,1.0158933334246885,14:07:38.926869
318,1000000,sell,2020-08-09,50.0,49.0,,,,,1.0,1.0151242356035162,14:07:41.135429
319,1500000,sell,2020-08-09,48.0,49.0,,1.0,,,2.0,1.0144224659618666,14:07:41.818216
320,10000,buy,2020-08-09,66.0,34.0,,,,,,1.017564847751677,14:07:43.371937
321,25000,buy,2020-08-09,57.0,43.0,,,,,,1.0175919009599683,14:07:44.149976
322,50000,buy,2020-08-09,54.0,46.0,,,,,,1.0176359868217828,14:07:44.997462
323,100000,buy,2020-08-09,53.0,47.0,,,,,,1.0177243160432718,14:07:46.168831
324,200000,buy,2020-08-09,52.0,48.0,,,,,,1.0179030894768368,14:07:47.685850
325,500000,buy,2020-08-09,49.0,46.0,,5.0,,,,1.018440885980532,14:07:48.350070
326,1000000,buy,2020-08-09,49.0,45.0,,3.0,,,3.0,1.01935469770368,14:07:49.733413
327,1500000,buy,2020-08-09,50.0,45.0,,2.0,,,3.0,1.020387386587608,14:07:50.639400
328,10000,sell,2020-08-09,25.0,55.0,,,,,20.0,1.0168061150206065,14:07:51.882008
329,25000,sell,2020-08-09,41.0,51.0,,,,,8.0,1.0167299094105613,14:07:52.579478
330,50000,sell,2020-08-09,46.0,50.0,,,,,4.0,1.0166693911764741,14:07:53.920757
331,100000,sell,2020-08-09,48.0,50.0,,,,,2.0,1.016573807980315,14:07:54.665373
332,200000,sell,2020-08-09,50.0,49.0,,,,,1.0,1.0163974324969045,14:07:55.862686
333,500000,sell,2020-08-09,50.0,49.0,,,,,1.0,1.0158922524912959,14:07:57.041911
334,1000000,sell,2020-08-09,50.0,49.0,,,,,1.0,1.0151230532096276,14:07:57.779181
335,1500000,sell,2020-08-09,48.0,49.0,,1.0,,,2.0,1.0144191869985786,14:07:58.557065
336,10000,buy,2020-08-09,67.0,33.0,,,,,,1.0175632970276043,14:08:43.243737
337,25000,buy,2020-08-09,58.0,42.0,,,,,,1.017590564719082,14:08:44.085467
338,50000,buy,2020-08-09,54.0,46.0,,,,,,1.0176347178957088,14:08:44.808236
339,100000,buy,2020-08-09,53.0,47.0,,,,,,1.0177230609024255,14:08:46.301756
340,200000,buy,2020-08-09,52.0,48.0,,,,,,1.0179018389408798,14:08:47.071509
341,500000,buy,2020-08-09,49.0,45.0,,5.0,,,1.0,1.0184395769964496,14:08:48.369095
342,1000000,buy,2020-08-09,49.0,45.0,,3.0,,,3.0,1.0193496421803543,14:08:49.743065
343,1500000,buy,2020-08-09,50.0,45.0,,2.0,,,3.0,1.0203767589342232,14:08:51.166678
344,10000,sell,2020-08-09,24.0,54.0,,,2.0,,20.0,1.0168243659019647,14:08:52.070750
345,25000,sell,2020-08-09,40.0,51.0,,,1.0,,8.0,1.0167379097223588,14:08:52.781780
346,50000,sell,2020-08-09,45.0,50.0,,,1.0,,4.0,1.0166699986706236,14:08:54.072231
347,100000,sell,2020-08-09,48.0,50.0,,,,,2.0,1.0165738066451666,14:08:55.402485
348,200000,sell,2020-08-09,50.0,49.0,,,,,1.0,1.0163974311262147,14:08:56.161697
349,500000,sell,2020-08-09,50.0,49.0,,,,,1.0,1.0158922511847925,14:08:56.872810
350,1000000,sell,2020-08-09,50.0,49.0,,,,,1.0,1.0151235480992844,14:08:57.581758
351,1500000,sell,2020-08-09,48.0,49.0,,,,,3.0,1.014429188646814,14:08:58.867449
352,10000,buy,2020-08-09,67.0,33.0,,,,,,1.0175632969552237,14:09:00.187743
353,25000,buy,2020-08-09,58.0,42.0,,,,,,1.0175905646452095,14:09:01.566861
354,50000,buy,2020-08-09,54.0,46.0,,,,,,1.0176347178144647,14:09:02.290967
355,100000,buy,2020-08-09,53.0,47.0,,,,,,1.0177230608187486,14:09:03.834950
356,200000,buy,2020-08-09,52.0,48.0,,,,,,1.0179018389408798,14:09:04.662350
357,500000,buy,2020-08-09,49.0,45.0,,5.0,,,1.0,1.0184395769113148,14:09:06.151775
358,1000000,buy,2020-08-09,49.0,45.0,,3.0,,,3.0,1.0193496420880976,14:09:07.463800
359,1500000,buy,2020-08-09,50.0,45.0,,2.0,,,3.0,1.020376758833797,14:09:09.255769
360,10000,sell,2020-08-09,24.0,54.0,,,2.0,,20.0,1.0168243658075626,14:09:09.857765
361,25000,sell,2020-08-09,40.0,51.0,,,1.0,,8.0,1.0167379096334235,14:09:11.111193
362,50000,sell,2020-08-09,45.0,50.0,,,1.0,,4.0,1.0166699985837924,14:09:12.337457
363,100000,sell,2020-08-09,48.0,50.0,,,,,2.0,1.0165738065590633,14:09:13.007792
364,200000,sell,2020-08-09,50.0,49.0,,,,,1.0,1.0163974311262147,14:09:13.666728
365,500000,sell,2020-08-09,50.0,49.0,,,,,1.0,1.0158922511847925,14:09:14.399049
366,1000000,sell,2020-08-09,50.0,49.0,,,,,1.0,1.0151235480992844,14:09:15.865258
367,1500000,sell,2020-08-09,48.0,49.0,,,,,3.0,1.014429188646814,14:09:16.611329
368,10000,buy,2020-08-09,65.0,31.0,,,4.0,,,1.0175195113402355,14:10:00.303383
369,25000,buy,2020-08-09,56.0,42.0,,,2.0,,,1.0175740373413116,14:10:00.920578
370,50000,buy,2020-08-09,54.0,45.0,,,1.0,,,1.0176255070776605,14:10:01.913876
371,100000,buy,2020-08-09,53.0,47.0,,,,,,1.0177229368396028,14:10:03.284681
372,200000,buy,2020-08-09,52.0,48.0,,,,,,1.0179017110454842,14:10:04.035042
373,500000,buy,2020-08-09,49.0,45.0,,5.0,,,1.0,1.0184394537266783,14:10:05.678372
374,1000000,buy,2020-08-09,49.0,45.0,,3.0,,,3.0,1.019349512766232,14:10:07.568318
375,1500000,buy,2020-08-09,50.0,45.0,,2.0,,,3.0,1.0203766227491278,14:10:08.496312
376,10000,sell,2020-08-09,25.0,55.0,,,,,20.0,1.0168059700089092,14:10:09.261573
377,25000,sell,2020-08-09,41.0,51.0,,,,,8.0,1.0167297751500162,14:10:10.449679
378,50000,sell,2020-08-09,46.0,50.0,,,,,4.0,1.016669259886423,14:10:11.183231
379,100000,sell,2020-08-09,48.0,50.0,,,,,2.0,1.0165736770731633,14:10:12.607114
380,200000,sell,2020-08-09,50.0,49.0,,,,,1.0,1.016397305480504,14:10:13.394143
381,500000,sell,2020-08-09,50.0,49.0,,,,,1.0,1.0158892788184228,14:10:14.865800
382,1000000,sell,2020-08-09,50.0,49.0,,,,,1.0,1.015119868804224,14:10:16.230633
383,1500000,sell,2020-08-09,48.0,49.0,,1.0,,,2.0,1.014421678260041,14:10:17.050178
384,10000,buy,2020-08-09,65.0,31.0,,,4.0,,,1.0175217608888816,14:10:17.846349
385,25000,buy,2020-08-09,57.0,42.0,,,1.0,,,1.0175746956896379,14:10:18.583172
386,50000,buy,2020-08-09,54.0,45.0,,,1.0,,,1.0176260691014805,14:10:19.879240
387,100000,buy,2020-08-09,53.0,47.0,,,,,,1.0177229365467386,14:10:20.629956
388,200000,buy,2020-08-09,52.0,48.0,,,,,,1.0179017107414265,14:10:22.014600
389,500000,buy,2020-08-09,49.0,45.0,,5.0,,,1.0,1.0184394534287116,14:10:22.783330
390,1000000,buy,2020-08-09,49.0,45.0,,3.0,,,3.0,1.0193495124433394,14:10:24.097057
391,1500000,buy,2020-08-09,50.0,45.0,,2.0,,,3.0,1.0203766223976423,14:10:24.932827
392,10000,sell,2020-08-09,25.0,55.0,,,,,20.0,1.0168059696724014,14:10:25.685324
393,25000,sell,2020-08-09,41.0,51.0,,,,,8.0,1.0167297748387478,14:10:26.429255
394,50000,sell,2020-08-09,46.0,50.0,,,,,4.0,1.0166692595825195,14:10:27.765580
395,100000,sell,2020-08-09,48.0,50.0,,,,,2.0,1.0165736770731633,14:10:28.381612
396,200000,sell,2020-08-09,50.0,49.0,,,,,1.0,1.016397305480504,14:10:29.131135
397,500000,sell,2020-08-09,50.0,49.0,,,,,1.0,1.0158892788184228,14:10:30.432940
398,1000000,sell,2020-08-09,50.0,49.0,,,,,1.0,1.015119868804224,14:10:31.914280
399,1500000,sell,2020-08-09,48.0,49.0,,,,,3.0,1.0144314551806901,14:10:32.572166
400,10000,buy,2020-08-09,56.0,22.0,,,,22.0,,1.0174139772593078,14:11:17.905516
401,25000,buy,2020-08-09,53.0,38.0,,,,9.0,,1.0175260689149526,14:11:19.382520
402,50000,buy,2020-08-09,52.0,43.0,,,,5.0,,1.0175983104677233,14:11:21.051640
403,100000,buy,2020-08-09,51.0,46.0,,,,3.0,,1.0177004939873064,14:11:21.952708
404,200000,buy,2020-08-09,51.0,47.0,,,,2.0,,1.01788571065735,14:11:22.695979
405,500000,buy,2020-08-09,49.0,45.0,,5.0,,1.0,,1.0184241697580565,14:11:23.409547
406,1000000,buy,2020-08-09,48.0,45.0,,3.0,,1.0,3.0,1.0193301488883593,14:11:24.646644
407,1500000,buy,2020-08-09,49.0,45.0,,2.0,,1.0,3.0,1.020349124754169,14:11:25.981633
408,10000,sell,2020-08-09,25.0,55.0,,,,,20.0,1.0168059684705884,14:11:27.348363
409,25000,sell,2020-08-09,41.0,51.0,,,,,8.0,1.0167297737270746,14:11:28.178716
410,50000,sell,2020-08-09,46.0,50.0,,,,,4.0,1.0166692584971497,14:11:28.985664
411,100000,sell,2020-08-09,48.0,50.0,,,,,2.0,1.016573675996891,14:11:30.476661
412,200000,sell,2020-08-09,50.0,49.0,,,,,1.0,1.0163973040688477,14:11:31.277676
413,500000,sell,2020-08-09,50.0,49.0,,,,,1.0,1.015893161872873,14:11:32.594737
414,1000000,sell,2020-08-09,50.0,49.0,,,,,1.0,1.0151247230577107,14:11:33.357017
415,1500000,sell,2020-08-09,48.0,49.0,,,,,3.0,1.0144314540213033,14:11:33.968715
416,10000,buy,2020-08-09,56.0,22.0,,,,22.0,,1.0174139770857102,14:11:35.401762
417,25000,buy,2020-08-09,53.0,38.0,,,,9.0,,1.0175260686143264,14:11:36.148970
418,50000,buy,2020-08-09,52.0,43.0,,,,5.0,,1.017598310126165,14:11:38.081113
419,100000,buy,2020-08-09,51.0,46.0,,,,3.0,,1.0177004936189151,14:11:38.795066
420,200000,buy,2020-08-09,51.0,47.0,,,,2.0,,1.0178857102748284,14:11:40.366192
421,500000,buy,2020-08-09,49.0,45.0,,5.0,,1.0,,1.018424169374968,14:11:41.221934
422,1000000,buy,2020-08-09,48.0,45.0,,3.0,,1.0,3.0,1.0193301484732276,14:11:42.711212
423,1500000,buy,2020-08-09,49.0,45.0,,2.0,,1.0,3.0,1.0203560137749965,14:11:43.850241
424,10000,sell,2020-08-09,25.0,55.0,,,,,20.0,1.0168059673168512,14:11:44.745506
425,25000,sell,2020-08-09,41.0,51.0,,,,,8.0,1.0167297726598714,14:11:45.537174
426,50000,sell,2020-08-09,46.0,50.0,,,,,4.0,1.0166692574551979,14:11:46.881687
427,100000,sell,2020-08-09,48.0,50.0,,,,,2.0,1.0165736749636727,14:11:48.292683
428,200000,sell,2020-08-09,50.0,49.0,,,,,1.0,1.016397303446061,14:11:49.126299
429,500000,sell,2020-08-09,50.0,49.0,,,,,1.0,1.015893161279251,14:11:50.562049
430,1000000,sell,2020-08-09,50.0,49.0,,,,,1.0,1.0151247225077809,14:11:51.944241
431,1500000,sell,2020-08-09,48.0,49.0,,,,,3.0,1.0144314535098113,14:11:52.698237
432,10000,buy,2020-08-09,61.0,28.0,,,,11.0,,1.0175269004706902,14:12:35.563498
433,25000,buy,2020-08-09,55.0,40.0,,,,5.0,,1.0175736469996484,14:12:36.385517
434,50000,buy,2020-08-09,53.0,44.0,,,,3.0,,1.0176242020438997,14:12:37.220841
435,100000,buy,2020-08-09,52.0,46.0,,,,2.0,,1.0177155600269772,14:12:37.778459
436,200000,buy,2020-08-09,52.0,47.0,,,,1.0,,1.017894429186399,14:12:39.143144
437,500000,buy,2020-08-09,49.0,45.0,,5.0,,1.0,,1.0184310654349524,14:12:40.457356
438,1000000,buy,2020-08-09,48.0,45.0,,3.0,,1.0,3.0,1.0193406248044214,14:12:41.153847
439,1500000,buy,2020-08-09,49.0,45.0,,2.0,,1.0,3.0,1.0203650702233593,14:12:42.541618
440,10000,sell,2020-08-09,25.0,55.0,,,,,20.0,1.0168059670764893,14:12:43.286314
441,25000,sell,2020-08-09,41.0,51.0,,,,,8.0,1.016729772437538,14:12:43.990809
442,50000,sell,2020-08-09,46.0,50.0,,,,,4.0,1.0166692572381248,14:12:45.370902
443,100000,sell,2020-08-09,48.0,50.0,,,,,2.0,1.016573674748419,14:12:46.744971
444,200000,sell,2020-08-09,50.0,49.0,,,,,1.0,1.0163973032384654,14:12:48.226206
445,500000,sell,2020-08-09,50.0,49.0,,,,,1.0,1.0158931610813768,14:12:49.191319
446,1000000,sell,2020-08-09,50.0,49.0,,,,,1.0,1.0151247223244708,14:12:49.977105
447,1500000,sell,2020-08-09,48.0,49.0,,,,,3.0,1.0144314533393142,14:12:51.001785
448,10000,buy,2020-08-09,61.0,28.0,,,,11.0,,1.0175269004706902,14:12:54.022414
449,25000,buy,2020-08-09,55.0,40.0,,,,5.0,,1.0175736469996484,14:12:55.416221
450,50000,buy,2020-08-09,53.0,44.0,,,,3.0,,1.0176242020438997,14:12:55.956935
451,100000,buy,2020-08-09,52.0,46.0,,,,2.0,,1.0177155600269772,14:12:57.229967
452,200000,buy,2020-08-09,52.0,47.0,,,,1.0,,1.017894429186399,14:12:58.577418
453,500000,buy,2020-08-09,49.0,45.0,,5.0,,1.0,,1.0184310654349524,14:12:59.882497
454,1000000,buy,2020-08-09,48.0,45.0,,3.0,,1.0,3.0,1.0193406248044214,14:13:01.173522
455,1500000,buy,2020-08-09,49.0,45.0,,2.0,,1.0,3.0,1.0203650702233593,14:13:01.931739
456,10000,sell,2020-08-09,25.0,55.0,,,,,20.0,1.0168059670764893,14:13:02.647261
457,25000,sell,2020-08-09,41.0,51.0,,,,,8.0,1.016729772437538,14:13:04.206761
458,50000,sell,2020-08-09,46.0,50.0,,,,,4.0,1.0166692572381248,14:13:05.758546
459,100000,sell,2020-08-09,48.0,50.0,,,,,2.0,1.016573674748419,14:13:06.612577
460,200000,sell,2020-08-09,50.0,49.0,,,,,1.0,1.0163973032384654,14:13:07.209547
461,500000,sell,2020-08-09,50.0,49.0,,,,,1.0,1.0158931610813768,14:13:08.707239
462,1000000,sell,2020-08-09,50.0,49.0,,,,,1.0,1.0151247223244708,14:13:09.537607
463,1500000,sell,2020-08-09,48.0,49.0,,,,,3.0,1.0144314533393142,14:13:10.157800
464,10000,buy,2020-08-09,61.0,28.0,,,,11.0,,1.0175269004706902,14:13:52.313416
465,25000,buy,2020-08-09,55.0,40.0,,,,5.0,,1.0175736469996484,14:13:53.437018
466,50000,buy,2020-08-09,53.0,44.0,,,,3.0,,1.0176242020438997,14:13:54.064135
467,100000,buy,2020-08-09,52.0,46.0,,,,2.0,,1.0177155600269772,14:13:55.368153
468,200000,buy,2020-08-09,52.0,47.0,,,,1.0,,1.017894429186399,14:13:56.013325
469,500000,buy,2020-08-09,49.0,45.0,,5.0,,1.0,,1.018431065158275,14:13:57.378828
470,1000000,buy,2020-08-09,48.0,44.0,,3.0,,1.0,4.0,1.019342513706133,14:13:58.154397
471,1500000,buy,2020-08-09,49.0,45.0,,2.0,,1.0,3.0,1.020352149592651,14:13:58.820092
472,10000,sell,2020-08-09,25.0,55.0,,,,,20.0,1.0168059667640197,14:14:00.113476
473,25000,sell,2020-08-09,41.0,51.0,,,,,8.0,1.0167297721485042,14:14:00.983257
474,50000,sell,2020-08-09,46.0,50.0,,,,,4.0,1.0166692569559301,14:14:01.747856
475,100000,sell,2020-08-09,48.0,50.0,,,,,2.0,1.0165736744685898,14:14:03.307499
476,200000,sell,2020-08-09,50.0,49.0,,,,,1.0,1.0163973029685913,14:14:04.133783
477,500000,sell,2020-08-09,50.0,49.0,,,,,1.0,1.0158931608241408,14:14:05.518164
478,1000000,sell,2020-08-09,50.0,49.0,,,,,1.0,1.015124722086168,14:14:06.381912
479,1500000,sell,2020-08-09,48.0,49.0,,,,,3.0,1.0144314531176677,14:14:07.113547
480,10000,buy,2020-08-09,66.0,32.0,,,,2.0,,1.0175491271088117,14:14:11.557859
481,25000,buy,2020-08-09,54.0,40.0,,,,6.0,,1.0175639234337157,14:14:12.272388
482,50000,buy,2020-08-09,53.0,44.0,,,,3.0,,1.0176186906898312,14:14:13.625274
483,100000,buy,2020-08-09,52.0,46.0,,,,2.0,,1.0177118851319824,14:14:14.273661
484,200000,buy,2020-08-09,52.0,47.0,,,,1.0,,1.0178925896357325,14:14:15.798100
485,500000,buy,2020-08-09,49.0,45.0,,5.0,,1.0,,1.018429226941652,14:14:17.152513
486,1000000,buy,2020-08-09,48.0,44.0,,3.0,,1.0,4.0,1.0193394856580178,14:14:17.836400
487,1500000,buy,2020-08-09,49.0,45.0,,2.0,,1.0,3.0,1.020349123456531,14:14:19.469585
488,10000,sell,2020-08-09,25.0,55.0,,,,,20.0,1.0168059639037186,14:14:20.827816
489,25000,sell,2020-08-09,41.0,51.0,,,,,8.0,1.0167297695027355,14:14:21.598825
490,50000,sell,2020-08-09,46.0,50.0,,,,,4.0,1.0166692538520798,14:14:22.996443
491,100000,sell,2020-08-09,48.0,50.0,,,,,2.0,1.0165736713907567,14:14:24.327618
492,200000,sell,2020-08-09,50.0,49.0,,,,,1.0,1.0163973000002575,14:14:25.023523
493,500000,sell,2020-08-09,50.0,49.0,,,,,1.0,1.0158931579948165,14:14:26.335673
494,1000000,sell,2020-08-09,50.0,49.0,,,,,1.0,1.0151247194650976,14:14:27.072056
495,1500000,sell,2020-08-09,48.0,49.0,,,,,3.0,1.0144314506798067,14:14:28.427111
496,10000,buy,2020-08-09,61.0,27.0,,,,12.0,,1.0175203132902828,14:15:08.841024
497,25000,buy,2020-08-09,55.0,40.0,,,,5.0,,1.017570725024565,14:15:09.649326
498,50000,buy,2020-08-09,53.0,44.0,,,,3.0,,1.017622447536563,14:15:11.048334
499,100000,buy,2020-08-09,52.0,46.0,,,,2.0,,1.0177143892885658,14:15:12.005400
500,200000,buy,2020-08-09,52.0,47.0,,,,1.0,,1.0178938418929568,14:15:13.944421
501,500000,buy,2020-08-09,49.0,45.0,,5.0,,1.0,,1.0184308086392504,14:15:15.289367
502,1000000,buy,2020-08-09,48.0,45.0,,3.0,,1.0,3.0,1.0193434568093576,14:15:17.114400
503,1500000,buy,2020-08-09,49.0,45.0,,2.0,,1.0,3.0,1.0203546850808871,14:15:17.948755
504,10000,sell,2020-08-09,30.0,60.0,,,,,10.0,1.0168019171452254,14:15:18.757913
505,25000,sell,2020-08-09,43.0,53.0,,,,,4.0,1.0167260379565755,14:15:19.500797
506,50000,sell,2020-08-09,47.0,51.0,,,,,2.0,1.0166656369713813,14:15:20.276382
507,100000,sell,2020-08-09,49.0,50.0,,,,,1.0,1.0165701420285753,14:15:20.965653
508,200000,sell,2020-08-09,50.0,50.0,,,,,,1.0163863685261594,14:15:22.221155
509,500000,sell,2020-08-09,50.0,49.0,,,,,1.0,1.0158883593159378,14:15:23.552639
510,1000000,sell,2020-08-09,50.0,49.0,,,,,1.0,1.0151203778834985,14:15:24.831090
511,1500000,sell,2020-08-09,48.0,49.0,,1.0,,,2.0,1.0144240834539622,14:15:25.664467
512,10000,buy,2020-08-09,61.0,28.0,,,,11.0,,1.017524110546194,14:15:29.798016
513,25000,buy,2020-08-09,55.0,40.0,,,,5.0,,1.017572376903706,14:15:31.087670
514,50000,buy,2020-08-09,53.0,44.0,,,,3.0,,1.0176234385847038,14:15:31.966899
515,100000,buy,2020-08-09,52.0,46.0,,,,2.0,,1.0177150498887795,14:15:33.352423
516,200000,buy,2020-08-09,52.0,47.0,,,,1.0,,1.0178941722544081,14:15:34.044153
517,500000,buy,2020-08-09,49.0,45.0,,5.0,,1.0,,1.0184308086392504,14:15:35.515666
518,1000000,buy,2020-08-09,48.0,45.0,,3.0,,1.0,3.0,1.0193434568093576,14:15:36.408867
519,1500000,buy,2020-08-09,49.0,45.0,,2.0,,1.0,3.0,1.0203546850808871,14:15:37.124623
520,10000,sell,2020-08-09,30.0,60.0,,,,,10.0,1.0168019171452254,14:15:37.770384
521,25000,sell,2020-08-09,43.0,53.0,,,,,4.0,1.0167260379565755,14:15:39.078891
522,50000,sell,2020-08-09,47.0,51.0,,,,,2.0,1.0166656369713813,14:15:39.864933
523,100000,sell,2020-08-09,49.0,50.0,,,,,1.0,1.0165701409098973,14:15:40.615085
524,200000,sell,2020-08-09,50.0,50.0,,,,,,1.016386367425996,14:15:41.944519
525,500000,sell,2020-08-09,50.0,49.0,,,,,1.0,1.015888358287596,14:15:42.927365
526,1000000,sell,2020-08-09,50.0,49.0,,,,,1.0,1.0151203769308617,14:15:44.149487
527,1500000,sell,2020-08-09,48.0,49.0,,1.0,,,2.0,1.0144240825679258,14:15:45.442202
528,10000,buy,2020-08-09,88.0,10.0,,,,2.0,,1.0175252010716778,14:16:26.400802
529,25000,buy,2020-08-09,66.0,33.0,,,,1.0,,1.017566283454002,14:16:27.733666
530,50000,buy,2020-08-09,59.0,41.0,,,,,,1.0176169524058085,14:16:28.501593
531,100000,buy,2020-08-09,55.0,45.0,,,,,,1.0177060097046413,14:16:29.928834
532,200000,buy,2020-08-09,53.0,47.0,,,,,,1.0178849698174335,14:16:31.341685
533,500000,buy,2020-08-09,50.0,45.0,,5.0,,,,1.018423216356785,14:16:32.127683
534,1000000,buy,2020-08-09,49.0,45.0,,3.0,,,3.0,1.0193388905391778,14:16:33.443640
535,1500000,buy,2020-08-09,50.0,45.0,,2.0,,,3.0,1.0203525559051934,14:16:34.736116
536,10000,sell,2020-08-09,3.0,77.0,,,,,20.0,1.0168015377482853,14:16:36.083429
537,25000,sell,2020-08-09,32.0,60.0,,,,,8.0,1.0167185441441684,14:16:37.354509
538,50000,sell,2020-08-09,42.0,54.0,,,,,4.0,1.0166558000791255,14:16:38.631399
539,100000,sell,2020-08-09,46.0,52.0,,,,,2.0,1.0165592118651878,14:16:40.186255
540,200000,sell,2020-08-09,49.0,50.0,,,,,1.0,1.016382479964373,14:16:41.479166
541,500000,sell,2020-08-09,49.0,50.0,,,,,1.0,1.0158786977087262,14:16:43.013246
542,1000000,sell,2020-08-09,49.0,50.0,,,,,1.0,1.0151112436197833,14:16:43.628132
543,1500000,sell,2020-08-09,48.0,49.0,,,,,3.0,1.0144189867649818,14:16:44.932206
544,10000,buy,2020-08-09,88.0,10.0,,,,2.0,,1.0175252008263709,14:16:46.797933
545,25000,buy,2020-08-09,66.0,33.0,,,,1.0,,1.017566282642521,14:16:47.457390
546,50000,buy,2020-08-09,59.0,41.0,,,,,,1.017616951393487,14:16:48.148318
547,100000,buy,2020-08-09,55.0,45.0,,,,,,1.0177060085844531,14:16:49.699386
548,200000,buy,2020-08-09,53.0,47.0,,,,,,1.0178849686280522,14:16:50.785670
549,500000,buy,2020-08-09,50.0,45.0,,5.0,,,,1.0184232151656296,14:16:51.653393
550,1000000,buy,2020-08-09,49.0,45.0,,3.0,,,3.0,1.019341927961484,14:16:52.455063
551,1500000,buy,2020-08-09,50.0,45.0,,2.0,,,3.0,1.0203611488715638,14:16:53.730840
552,10000,sell,2020-08-09,3.0,77.0,,,,,20.0,1.0168015358663451,14:16:55.221420
553,25000,sell,2020-08-09,32.0,60.0,,,,,8.0,1.0167185426813448,14:16:55.947737
554,50000,sell,2020-08-09,42.0,54.0,,,,,4.0,1.0166557987679146,14:16:57.231969
555,100000,sell,2020-08-09,46.0,52.0,,,,,2.0,1.0165592105013295,14:16:58.408447
556,200000,sell,2020-08-09,49.0,50.0,,,,,1.0,1.0163824791392584,14:16:59.225898
557,500000,sell,2020-08-09,49.0,50.0,,,,,1.0,1.015878696922998,14:17:00.662285
558,1000000,sell,2020-08-09,49.0,50.0,,,,,1.0,1.01511124289294,14:17:01.639153
559,1500000,sell,2020-08-09,48.0,49.0,,,,,3.0,1.014418986100461,14:17:02.523517
560,10000,buy,2020-08-09,88.0,10.0,,,,2.0,,1.0175252007300004,14:17:46.391576
561,25000,buy,2020-08-09,66.0,33.0,,,,1.0,,1.0175662823237246,14:17:47.865966
562,50000,buy,2020-08-09,59.0,41.0,,,,,,1.017616950995789,14:17:48.618000
563,100000,buy,2020-08-09,55.0,45.0,,,,,,1.0177060081443794,14:17:49.427216
564,200000,buy,2020-08-09,53.0,47.0,,,,,,1.0178849681607955,14:17:50.994168
565,500000,buy,2020-08-09,50.0,45.0,,5.0,,,,1.0184232146976757,14:17:52.413464
566,1000000,buy,2020-08-09,49.0,44.0,,3.0,,,4.0,1.019337660152621,14:17:53.167514
567,1500000,buy,2020-08-09,50.0,45.0,,2.0,,,3.0,1.0203533279240213,14:17:54.009949
568,10000,sell,2020-08-09,3.0,77.0,,,,,20.0,1.0168015351270117,14:17:55.428693
569,25000,sell,2020-08-09,32.0,60.0,,,,,8.0,1.016718542106664,14:17:56.748768
570,50000,sell,2020-08-09,42.0,54.0,,,,,4.0,1.0166557982527962,14:17:58.005007
571,100000,sell,2020-08-09,46.0,52.0,,,,,2.0,1.016559210121238,14:17:58.735024
572,200000,sell,2020-08-09,49.0,50.0,,,,,1.0,1.016382478779593,14:18:00.081391
573,500000,sell,2020-08-09,49.0,50.0,,,,,1.0,1.0158786965805011,14:18:01.471342
574,1000000,sell,2020-08-09,49.0,50.0,,,,,1.0,1.015110746476111,14:18:02.496035
575,1500000,sell,2020-08-09,48.0,49.0,,1.0,,,2.0,1.014408983036816,14:18:05.712903
576,10000,buy,2020-08-09,88.0,10.0,,,,2.0,,1.0175252005591617,14:18:07.095460
577,25000,buy,2020-08-09,66.0,33.0,,,,1.0,,1.017566281758586,14:18:08.489013
578,50000,buy,2020-08-09,59.0,41.0,,,,,,1.0176169502907795,14:18:09.996529
579,100000,buy,2020-08-09,55.0,45.0,,,,,,1.0177060073642488,14:18:12.189829
580,200000,buy,2020-08-09,53.0,47.0,,,,,,1.0178849673324766,14:18:13.529399
581,500000,buy,2020-08-09,50.0,45.0,,5.0,,,,1.0184232138681215,14:18:14.472094
582,1000000,buy,2020-08-09,49.0,44.0,,3.0,,,4.0,1.0193376592767662,14:18:15.179868
583,1500000,buy,2020-08-09,50.0,45.0,,2.0,,,3.0,1.0203533269454461,14:18:15.827660
584,10000,sell,2020-08-09,3.0,77.0,,,,,20.0,1.0168015338163752,14:18:17.177227
585,25000,sell,2020-08-09,32.0,60.0,,,,,8.0,1.0167185410879123,14:18:17.900996
586,50000,sell,2020-08-09,42.0,54.0,,,,,4.0,1.0166557973396317,14:18:18.644756
587,100000,sell,2020-08-09,46.0,52.0,,,,,2.0,1.0165592092492632,14:18:19.776393
588,200000,sell,2020-08-09,49.0,50.0,,,,,1.0,1.0163824779544788,14:18:21.066980
589,500000,sell,2020-08-09,49.0,50.0,,,,,1.0,1.0158786957947732,14:18:22.513516
590,1000000,sell,2020-08-09,49.0,49.0,,,,,2.0,1.0151122084325273,14:18:23.407230
591,1500000,sell,2020-08-09,48.0,49.0,,,,,3.0,1.0144204280796116,14:18:24.734805
592,10000,buy,2020-08-09,88.0,10.0,,,,2.0,,1.0175252003007316,14:19:06.660703
593,25000,buy,2020-08-09,66.0,33.0,,,,1.0,,1.0175662809036925,14:19:07.670386
594,50000,buy,2020-08-09,59.0,41.0,,,,,,1.0176169492243012,14:19:09.073433
595,100000,buy,2020-08-09,55.0,45.0,,,,,,1.017706006184133,14:19:09.868284
596,200000,buy,2020-08-09,53.0,47.0,,,,,,1.0178849660794655,14:19:11.231150
597,500000,buy,2020-08-09,50.0,45.0,,5.0,,,,1.01842321261324,14:19:11.883113
598,1000000,buy,2020-08-09,49.0,44.0,,3.0,,,4.0,1.019337657951843,14:19:13.286076
599,1500000,buy,2020-08-09,50.0,45.0,,2.0,,,3.0,1.0203533254651318,14:19:14.087823
600,10000,sell,2020-08-09,3.0,77.0,,,,,20.0,1.016801531833756,14:19:14.902927
601,25000,sell,2020-08-09,32.0,60.0,,,,,8.0,1.0167185395468314,14:19:15.600566
602,50000,sell,2020-08-09,42.0,54.0,,,,,4.0,1.0166557959582752,14:19:16.847563
603,100000,sell,2020-08-09,46.0,52.0,,,,,2.0,1.016559207930215,14:19:18.180660
604,200000,sell,2020-08-09,49.0,50.0,,,,,1.0,1.0163824767063172,14:19:19.472250
605,500000,sell,2020-08-09,49.0,50.0,,,,,1.0,1.0158754286061935,14:19:20.142581
606,1000000,sell,2020-08-09,49.0,50.0,,,,,1.0,1.0151074674497673,14:19:20.874166
607,1500000,sell,2020-08-09,48.0,50.0,,1.0,,,1.0,1.0144052169584852,14:19:22.283641
608,10000,buy,2020-08-09,88.0,10.0,,,,2.0,,1.0175252001605668,14:19:26.029099
609,25000,buy,2020-08-09,66.0,33.0,,,,1.0,,1.0175662804400234,14:19:26.823019
610,50000,buy,2020-08-09,59.0,41.0,,,,,,1.0176169486458746,14:19:27.613471
611,100000,buy,2020-08-09,55.0,45.0,,,,,,1.017706005544073,14:19:28.932061
612,200000,buy,2020-08-09,53.0,47.0,,,,,,1.0178849650600712,14:19:29.712122
613,500000,buy,2020-08-09,50.0,45.0,,5.0,,,,1.0184232115923237,14:19:31.101292
614,1000000,buy,2020-08-09,49.0,44.0,,3.0,,,4.0,1.0193376568739436,14:19:32.408684
615,1500000,buy,2020-08-09,50.0,45.0,,2.0,,,3.0,1.020353324260813,14:19:32.989461
616,10000,sell,2020-08-09,3.0,77.0,,,,,20.0,1.016801530220785,14:19:33.628020
617,25000,sell,2020-08-09,32.0,60.0,,,,,8.0,1.0167185382930761,14:19:34.399864
618,50000,sell,2020-08-09,42.0,54.0,,,,,4.0,1.016655794834464,14:19:35.121674
619,100000,sell,2020-08-09,46.0,52.0,,,,,2.0,1.0165592068570954,14:19:36.030782
620,200000,sell,2020-08-09,49.0,50.0,,,,,1.0,1.0163824756908681,14:19:37.406607
621,500000,sell,2020-08-09,49.0,50.0,,,,,1.0,1.015875427639218,14:19:38.562305
622,1000000,sell,2020-08-09,49.0,50.0,,,,,1.0,1.015107466555262,14:19:39.289477
623,1500000,sell,2020-08-09,48.0,50.0,,1.0,,,1.0,1.0144052161275843,14:19:39.968584
624,10000,buy,2020-08-09,88.0,10.0,,,,2.0,,1.0175251999853143,14:20:23.625820
625,25000,buy,2020-08-09,66.0,33.0,,,,1.0,,1.0175662798602838,14:20:24.362267
626,50000,buy,2020-08-09,59.0,41.0,,,,,,1.0176169479226507,14:20:25.724113
627,100000,buy,2020-08-09,55.0,45.0,,,,,,1.0177060047437874,14:20:26.479937
628,200000,buy,2020-08-09,53.0,47.0,,,,,,1.0178849645501518,14:20:27.392528
629,500000,buy,2020-08-09,50.0,45.0,,5.0,,,,1.018423211081647,14:20:28.727964
630,1000000,buy,2020-08-09,49.0,44.0,,3.0,,,4.0,1.0193376563347702,14:20:29.646976
631,1500000,buy,2020-08-09,50.0,45.0,,2.0,,,3.0,1.0203533236584124,14:20:30.979348
632,10000,sell,2020-08-09,3.0,77.0,,,,,20.0,1.016801529413943,14:20:31.689811
633,25000,sell,2020-08-09,32.0,60.0,,,,,8.0,1.0167185376659214,14:20:32.396327
634,50000,sell,2020-08-09,42.0,54.0,,,,,4.0,1.0166557942723098,14:20:33.124493
635,100000,sell,2020-08-09,46.0,52.0,,,,,2.0,1.0165592063202975,14:20:34.461988
636,200000,sell,2020-08-09,49.0,50.0,,,,,1.0,1.0163824751829167,14:20:35.331443
637,500000,sell,2020-08-09,49.0,50.0,,,,,1.0,1.0158772399555098,14:20:36.769974
638,1000000,sell,2020-08-09,49.0,49.0,,,,,2.0,1.0151103895326181,14:20:37.524457
639,1500000,sell,2020-08-09,48.0,49.0,,,,,3.0,1.0144218986258837,14:20:38.946640
640,10000,buy,2020-08-09,88.0,10.0,,,,2.0,,1.0175251999283461,14:20:40.703502
641,25000,buy,2020-08-09,66.0,33.0,,,,1.0,,1.0175662796718317,14:20:41.946412
642,50000,buy,2020-08-09,59.0,41.0,,,,,,1.017616947687557,14:20:42.782902
643,100000,buy,2020-08-09,55.0,45.0,,,,,,1.017706004483644,14:20:43.579861
644,200000,buy,2020-08-09,53.0,47.0,,,,,,1.0178849642739403,14:20:44.309994
645,500000,buy,2020-08-09,50.0,45.0,,5.0,,,,1.018423210102832,14:20:45.604771
646,1000000,buy,2020-08-09,49.0,44.0,,3.0,,,4.0,1.0193376553013362,14:20:46.856766
647,1500000,buy,2020-08-09,50.0,45.0,,2.0,,,3.0,1.0203533225037913,14:20:48.219978
648,10000,sell,2020-08-09,8.0,82.0,,,,,10.0,1.0167161154768598,14:20:49.450784
649,25000,sell,2020-08-09,34.0,62.0,,,,,4.0,1.016682261483636,14:20:50.538026
650,50000,sell,2020-08-09,43.0,55.0,,,,,2.0,1.01663590737858,14:20:51.952063
651,100000,sell,2020-08-09,47.0,52.0,,,,,1.0,1.0165475305986615,14:20:53.380628
652,200000,sell,2020-08-09,49.0,51.0,,,,,,1.016371406421105,14:20:54.670222
653,500000,sell,2020-08-09,50.0,50.0,,,,,,1.015873325149194,14:20:55.415664
654,1000000,sell,2020-08-09,49.0,49.0,,,,,2.0,1.0151065628646188,14:20:56.134181
655,1500000,sell,2020-08-09,48.0,49.0,,,,,3.0,1.0144143200632783,14:20:57.419787
656,10000,buy,2020-08-09,89.0,11.0,,,,,,1.0175389626048061,14:21:40.184086
657,25000,buy,2020-08-09,66.0,34.0,,,,,,1.0175711886514842,14:21:40.936391
658,50000,buy,2020-08-09,59.0,41.0,,,,,,1.0176169461142384,14:21:42.239869
659,100000,buy,2020-08-09,55.0,45.0,,,,,,1.0177060027426854,14:21:43.666710
660,200000,buy,2020-08-09,53.0,47.0,,,,,,1.0178849624254485,14:21:44.362436
661,500000,buy,2020-08-09,50.0,45.0,,5.0,,,,1.0184232089537888,14:21:45.253452
662,1000000,buy,2020-08-09,49.0,44.0,,3.0,,,4.0,1.0193376540881747,14:21:45.975857
663,1500000,buy,2020-08-09,50.0,45.0,,2.0,,,3.0,1.020353321148367,14:21:46.698177
664,10000,sell,2020-08-09,8.0,82.0,,,,,10.0,1.0167161137944467,14:21:48.056642
665,25000,sell,2020-08-09,34.0,62.0,,,,,4.0,1.0166822602147099,14:21:49.448623
666,50000,sell,2020-08-09,43.0,55.0,,,,,2.0,1.0166359062574761,14:21:50.534857
667,100000,sell,2020-08-09,47.0,52.0,,,,,1.0,1.0165475293461093,14:21:51.216677
668,200000,sell,2020-08-09,49.0,51.0,,,,,,1.0163714052561075,14:21:52.528547
669,500000,sell,2020-08-09,50.0,50.0,,,,,,1.0158733240608298,14:21:53.258693
670,1000000,sell,2020-08-09,49.0,49.0,,,,,2.0,1.0151065618749469,14:21:54.019732
671,1500000,sell,2020-08-09,48.0,49.0,,,,,3.0,1.0144143191427857,14:21:54.885749
672,10000,buy,2020-08-09,89.0,11.0,,,,,,1.0175389625132134,14:21:58.175646
673,25000,buy,2020-08-09,66.0,34.0,,,,,,1.0175711885170518,14:21:59.040019
674,50000,buy,2020-08-09,59.0,41.0,,,,,,1.0176169459514812,14:21:59.814094
675,100000,buy,2020-08-09,55.0,45.0,,,,,,1.0177060025625861,14:22:00.378054
676,200000,buy,2020-08-09,53.0,47.0,,,,,,1.017884962234225,14:22:01.841251
677,500000,buy,2020-08-09,50.0,45.0,,5.0,,,,1.0184232087622815,14:22:02.690258
678,1000000,buy,2020-08-09,49.0,44.0,,3.0,,,4.0,1.019337653885981,14:22:04.039704
679,1500000,buy,2020-08-09,50.0,45.0,,2.0,,,3.0,1.0203533209224627,14:22:05.408171
680,10000,sell,2020-08-09,8.0,82.0,,,,,10.0,1.0167161134722826,14:22:06.827944
681,25000,sell,2020-08-09,34.0,62.0,,,,,4.0,1.0166822599717238,14:22:07.631612
682,50000,sell,2020-08-09,43.0,55.0,,,,,2.0,1.0166359060427967,14:22:09.035974
683,100000,sell,2020-08-09,47.0,52.0,,,,,1.0,1.0165475293461093,14:22:10.595471
684,200000,sell,2020-08-09,49.0,50.0,,,,,1.0,1.0163824728759268,14:22:11.388260
685,500000,sell,2020-08-09,49.0,50.0,,,,,1.0,1.0158772377586263,14:22:11.901999
686,1000000,sell,2020-08-09,49.0,49.0,,,,,2.0,1.015110387534947,14:22:13.194846
687,1500000,sell,2020-08-09,48.0,49.0,,,,,3.0,1.0144218969894523,14:22:14.851236
688,10000,buy,2020-08-09,89.0,11.0,,,,,,1.0175389625132134,14:22:56.237143
689,25000,buy,2020-08-09,66.0,34.0,,,,,,1.0175711885170518,14:22:56.933144
690,50000,buy,2020-08-09,59.0,41.0,,,,,,1.0176169459514812,14:22:58.106991
691,100000,buy,2020-08-09,55.0,45.0,,,,,,1.0177060025625861,14:22:58.779298
692,200000,buy,2020-08-09,53.0,47.0,,,,,,1.017884962234225,14:23:00.070299
693,500000,buy,2020-08-09,50.0,45.0,,5.0,,,,1.0184232087622815,14:23:00.787272
694,1000000,buy,2020-08-09,51.0,46.0,,3.0,,,,1.0193659830618371,14:23:02.125618
695,1500000,buy,2020-08-09,51.0,46.0,,2.0,,,1.0,1.0204228774158481,14:23:02.863077
696,10000,sell,2020-08-09,3.0,77.0,,,,,20.0,1.0168015257494678,14:23:04.188350
697,25000,sell,2020-08-09,32.0,60.0,,,,,8.0,1.01671853481754,14:23:05.243870
698,50000,sell,2020-08-09,42.0,54.0,,,,,4.0,1.0166557917191448,14:23:06.591375
699,100000,sell,2020-08-09,46.0,52.0,,,,,2.0,1.0165592038822935,14:23:07.454584
700,200000,sell,2020-08-09,49.0,50.0,,,,,1.0,1.0163824728759268,14:23:08.316690
701,500000,sell,2020-08-09,49.0,50.0,,,,,1.0,1.0158772377586263,14:23:09.101831
702,1000000,sell,2020-08-09,49.0,49.0,,,,,2.0,1.015110387534947,14:23:10.827240
703,1500000,sell,2020-08-09,48.0,49.0,,,,,3.0,1.0144218969894523,14:23:11.709957
704,10000,buy,2020-08-09,89.0,11.0,,,,,,1.0175389625132134,14:23:15.680140
705,25000,buy,2020-08-09,66.0,34.0,,,,,,1.0175711885170518,14:23:16.394911
706,50000,buy,2020-08-09,59.0,41.0,,,,,,1.0176169459514812,14:23:17.290807
707,100000,buy,2020-08-09,55.0,45.0,,,,,,1.0177060025625861,14:23:17.974975
708,200000,buy,2020-08-09,53.0,47.0,,,,,,1.017884962234225,14:23:19.253849
709,500000,buy,2020-08-09,50.0,45.0,,5.0,,,,1.0184232085494958,14:23:19.962843
710,1000000,buy,2020-08-09,51.0,46.0,,3.0,,,,1.019365982825263,14:23:20.616661
711,1500000,buy,2020-08-09,51.0,46.0,,2.0,,,1.0,1.0204228771577677,14:23:21.880768
712,10000,sell,2020-08-09,3.0,77.0,,,,,20.0,1.0168015254132774,14:23:23.128747
713,25000,sell,2020-08-09,32.0,60.0,,,,,8.0,1.0167185345562209,14:23:23.687659
714,50000,sell,2020-08-09,42.0,54.0,,,,,4.0,1.0166557914849095,14:23:24.463492
715,100000,sell,2020-08-09,46.0,52.0,,,,,2.0,1.0165592016903275,14:23:25.912876
716,200000,sell,2020-08-09,49.0,50.0,,,,,1.0,1.016382470801753,14:23:26.625981
717,500000,sell,2020-08-09,49.0,50.0,,,,,1.0,1.0158772357834476,14:23:27.888837
718,1000000,sell,2020-08-09,49.0,49.0,,,,,2.0,1.0151103857388764,14:23:29.194013
719,1500000,sell,2020-08-09,48.0,49.0,,,,,3.0,1.0144218953189292,14:23:29.865795
720,10000,buy,2020-08-09,71.0,29.0,,,,,,1.0175590961769323,14:24:13.139091
721,25000,buy,2020-08-09,59.0,41.0,,,,,,1.0175869660164134,14:24:14.444499
722,50000,buy,2020-08-09,55.0,45.0,,,,,,1.0176313110277986,14:24:15.842037
723,100000,buy,2020-08-09,53.0,47.0,,,,,,1.017719736061117,14:24:16.639726
724,200000,buy,2020-08-09,52.0,48.0,,,,,,1.0178985283389475,14:24:17.948356
725,500000,buy,2020-08-09,49.0,46.0,,5.0,,,,1.018436416991722,14:24:19.273098
726,1000000,buy,2020-08-09,48.0,45.0,,3.0,,,4.0,1.0193592370056714,14:24:19.953603
727,1500000,buy,2020-08-09,50.0,45.0,,2.0,,,3.0,1.0203738885687506,14:24:21.299531
728,10000,sell,2020-08-09,21.0,59.0,,,,,20.0,1.0168045795003644,14:24:22.048827
729,25000,sell,2020-08-09,39.0,53.0,,,,,8.0,1.0167274006770588,14:24:22.802728
730,50000,sell,2020-08-09,45.0,51.0,,,,,4.0,1.0166665654592928,14:24:23.958001
731,100000,sell,2020-08-09,48.0,50.0,,,,,2.0,1.0165708527601751,14:24:25.247539
732,200000,sell,2020-08-09,49.0,50.0,,,,,1.0,1.0163944221191563,14:24:26.626641
733,500000,sell,2020-08-09,50.0,49.0,,,,,1.0,1.0158889162906781,14:24:27.365384
734,1000000,sell,2020-08-09,49.0,49.0,,,,,2.0,1.0151212362903776,14:24:28.155521
735,1500000,sell,2020-08-09,48.0,49.0,,,,,3.0,1.0144319723949529,14:24:29.525617
736,10000,buy,2020-08-09,71.0,29.0,,,,,,1.0175590957572733,14:24:30.661310
737,25000,buy,2020-08-09,59.0,41.0,,,,,,1.0175869654216554,14:24:31.356205
738,50000,buy,2020-08-09,55.0,45.0,,,,,,1.0176313103723564,14:24:32.662676
739,100000,buy,2020-08-09,53.0,47.0,,,,,,1.0177197353709349,14:24:33.421757
740,200000,buy,2020-08-09,53.0,47.0,,,,,,1.017893466841384,14:24:34.038348
741,500000,buy,2020-08-09,49.0,46.0,,5.0,,,,1.0184315540044193,14:24:35.387964
742,1000000,buy,2020-08-09,49.0,45.0,,3.0,,,3.0,1.0193617135734565,14:24:36.217012
743,1500000,buy,2020-08-09,50.0,45.0,,2.0,,,3.0,1.0203838102057803,14:24:37.482968
744,10000,sell,2020-08-09,13.0,64.0,,,3.0,,20.0,1.0168263252899132,14:24:38.103872
745,25000,sell,2020-08-09,36.0,55.0,,,1.0,,8.0,1.0167338136081754,14:24:38.671664
746,50000,sell,2020-08-09,43.0,52.0,,,1.0,,4.0,1.0166649829011083,14:24:39.839731
747,100000,sell,2020-08-09,47.0,51.0,,,,,2.0,1.0165663581517335,14:24:40.601902
748,200000,sell,2020-08-09,49.0,50.0,,,,,1.0,1.016389851986267,14:24:41.184028
749,500000,sell,2020-08-09,50.0,49.0,,,,,1.0,1.0158843737098884,14:24:42.427808
750,1000000,sell,2020-08-09,49.0,49.0,,,,,2.0,1.0151169569211134,14:24:43.679160
751,1500000,sell,2020-08-09,48.0,49.0,,,,,3.0,1.01442792752378,14:24:45.040022
752,10000,buy,2020-08-09,78.0,22.0,,,,,,1.0175519967831004,14:25:31.170651
753,25000,buy,2020-08-09,62.0,38.0,,,,,,1.017581200773488,14:25:31.863885
754,50000,buy,2020-08-09,57.0,43.0,,,,,,1.0176259874164317,14:25:33.007605
755,100000,buy,2020-08-09,54.0,46.0,,,,,,1.017714601702897,14:25:34.336841
756,200000,buy,2020-08-09,53.0,47.0,,,,,,1.0178934667351471,14:25:35.924133
757,500000,buy,2020-08-09,49.0,46.0,,5.0,,,,1.0184315538954751,14:25:36.752568
758,1000000,buy,2020-08-09,48.0,45.0,,3.0,,,4.0,1.0193549649723448,14:25:38.018944
759,1500000,buy,2020-08-09,50.0,45.0,,2.0,,,3.0,1.0203688849477637,14:25:39.356219
760,10000,sell,2020-08-09,13.0,64.0,,,3.0,,20.0,1.0168263251501364,14:25:40.677702
761,25000,sell,2020-08-09,36.0,55.0,,,1.0,,8.0,1.0167338134883535,14:25:41.419309
762,50000,sell,2020-08-09,43.0,52.0,,,1.0,,4.0,1.0166649827882903,14:25:42.847346
763,100000,sell,2020-08-09,47.0,51.0,,,,,2.0,1.0165663580420126,14:25:44.110808
764,200000,sell,2020-08-09,49.0,50.0,,,,,1.0,1.016389851880442,14:25:45.362044
765,500000,sell,2020-08-09,50.0,49.0,,,,,1.0,1.015884373610971,14:25:46.123749
766,1000000,sell,2020-08-09,49.0,49.0,,,,,2.0,1.0151169568294771,14:25:47.421713
767,1500000,sell,2020-08-09,48.0,49.0,,,,,3.0,1.0144279274385493,14:25:48.245243
768,10000,buy,2020-08-09,78.0,22.0,,,,,,1.0175519967831004,14:25:48.954689
769,25000,buy,2020-08-09,62.0,38.0,,,,,,1.017581200773488,14:25:50.443686
770,50000,buy,2020-08-09,57.0,43.0,,,,,,1.0176259874164317,14:25:51.750004
771,100000,buy,2020-08-09,54.0,46.0,,,,,,1.017714601702897,14:25:52.536426
772,200000,buy,2020-08-09,53.0,47.0,,,,,,1.0178934667351471,14:25:53.826865
773,500000,buy,2020-08-09,49.0,46.0,,5.0,,,,1.0184315529803447,14:25:55.080813
774,1000000,buy,2020-08-09,48.0,45.0,,3.0,,,4.0,1.0193549640038377,14:25:56.381263
775,1500000,buy,2020-08-09,50.0,45.0,,2.0,,,3.0,1.0203688838935134,14:25:57.103825
776,10000,sell,2020-08-09,13.0,64.0,,,3.0,,20.0,1.01682632397601,14:25:58.429793
777,25000,sell,2020-08-09,36.0,55.0,,,1.0,,8.0,1.016733812481849,14:25:59.378869
778,50000,sell,2020-08-09,43.0,52.0,,,1.0,,4.0,1.0166649818406197,14:26:00.559820
779,100000,sell,2020-08-09,47.0,51.0,,,,,2.0,1.0165663571203556,14:26:01.276860
780,200000,sell,2020-08-09,49.0,50.0,,,,,1.0,1.016389850991511,14:26:02.612491
781,500000,sell,2020-08-09,50.0,49.0,,,,,1.0,1.0158843727800657,14:26:03.771386
782,1000000,sell,2020-08-09,49.0,49.0,,,,,2.0,1.0151169560597333,14:26:04.517580
783,1500000,sell,2020-08-09,48.0,49.0,,,,,3.0,1.0144279267226113,14:26:05.892648
784,10000,buy,2020-08-09,78.0,22.0,,,,,,1.0175519955485395,14:26:49.671666
785,25000,buy,2020-08-09,62.0,38.0,,,,,,1.017581198635893,14:26:50.489685
786,50000,buy,2020-08-09,57.0,43.0,,,,,,1.0176259849879197,14:26:51.290216
787,100000,buy,2020-08-09,54.0,46.0,,,,,,1.0177145992064458,14:26:52.770430
788,200000,buy,2020-08-09,53.0,47.0,,,,,,1.017893464142969,14:26:53.529374
789,500000,buy,2020-08-09,49.0,46.0,,5.0,,,,1.0184315512372395,14:26:54.838974
790,1000000,buy,2020-08-09,48.0,45.0,,3.0,,,4.0,1.0193549621590627,14:26:56.111267
791,1500000,buy,2020-08-09,50.0,45.0,,2.0,,,3.0,1.020368881885419,14:26:57.518618
792,10000,sell,2020-08-09,13.0,64.0,,,3.0,,20.0,1.0168263217395794,14:26:58.938093
793,25000,sell,2020-08-09,36.0,55.0,,,1.0,,8.0,1.0167338105646984,14:26:59.731197
794,50000,sell,2020-08-09,43.0,52.0,,,1.0,,4.0,1.0166649800355334,14:27:00.529110
795,100000,sell,2020-08-09,47.0,51.0,,,,,2.0,1.016566355364819,14:27:01.963874
796,200000,sell,2020-08-09,49.0,50.0,,,,,1.0,1.0163898492983097,14:27:03.358282
797,500000,sell,2020-08-09,50.0,49.0,,,,,1.0,1.0158843711973893,14:27:04.959694
798,1000000,sell,2020-08-09,49.0,50.0,,,,,1.0,1.0151154917401946,14:27:06.343606
799,1500000,sell,2020-08-09,48.0,49.0,,1.0,,,2.0,1.0144164796516044,14:27:07.205001
800,10000,buy,2020-08-09,78.0,22.0,,,,,,1.0175519956064094,14:27:08.157765
801,25000,buy,2020-08-09,62.0,38.0,,,,,,1.0175811987360925,14:27:09.581396
802,50000,buy,2020-08-09,57.0,43.0,,,,,,1.0176259851017562,14:27:10.853626
803,100000,buy,2020-08-09,54.0,46.0,,,,,,1.0177145992064458,14:27:11.661026
804,200000,buy,2020-08-09,53.0,47.0,,,,,,1.017893464142969,14:27:13.003854
805,500000,buy,2020-08-09,49.0,46.0,,5.0,,,,1.0184315512372395,14:27:13.946232
806,1000000,buy,2020-08-09,48.0,45.0,,3.0,,,4.0,1.0193549621590627,14:27:15.290821
807,1500000,buy,2020-08-09,50.0,45.0,,2.0,,,3.0,1.020368881885419,14:27:16.129723
808,10000,sell,2020-08-09,13.0,64.0,,,3.0,,20.0,1.0168263217395794,14:27:16.941845
809,25000,sell,2020-08-09,36.0,55.0,,,1.0,,8.0,1.0167338105646984,14:27:18.275600
810,50000,sell,2020-08-09,43.0,52.0,,,1.0,,4.0,1.0166649800355334,14:27:19.686468
811,100000,sell,2020-08-09,47.0,51.0,,,,,2.0,1.016566355364819,14:27:20.947883
812,200000,sell,2020-08-09,49.0,50.0,,,,,1.0,1.0163898492983097,14:27:21.686653
813,500000,sell,2020-08-09,50.0,49.0,,,,,1.0,1.0158843711973893,14:27:22.901892
814,1000000,sell,2020-08-09,49.0,50.0,,,,,1.0,1.0151154917401946,14:27:23.685502
815,1500000,sell,2020-08-09,48.0,49.0,,1.0,,,2.0,1.0144164796516044,14:27:24.350587
816,10000,buy,2020-08-09,76.0,24.0,,,,,,1.017551393492919,14:28:08.279521
817,25000,buy,2020-08-09,61.0,39.0,,,,,,1.017580183808402,14:28:09.006273
818,50000,buy,2020-08-09,56.0,44.0,,,,,,1.0176248218036377,14:28:10.371581
819,100000,buy,2020-08-09,54.0,46.0,,,,,,1.0177133718840552,14:28:11.091850
820,200000,buy,2020-08-09,53.0,47.0,,,,,,1.0178921910517742,14:28:12.469782
821,500000,buy,2020-08-09,49.0,46.0,,5.0,,,,1.018430249511925,14:28:13.338752
822,1000000,buy,2020-08-09,49.0,45.0,,3.0,,,3.0,1.0193583537039455,14:28:14.313866
823,1500000,buy,2020-08-09,50.0,45.0,,2.0,,,3.0,1.0203756661268946,14:28:15.693697
824,10000,sell,2020-08-09,15.0,62.0,,,3.0,,20.0,1.0168246625970392,14:28:16.604708
825,25000,sell,2020-08-09,37.0,54.0,,,1.0,,8.0,1.0167323755544866,14:28:17.383697
826,50000,sell,2020-08-09,44.0,51.0,,,1.0,,4.0,1.016663629587999,14:28:18.748783
827,100000,sell,2020-08-09,48.0,50.0,,,,,2.0,1.0165650399287536,14:28:20.081864
828,200000,sell,2020-08-09,49.0,50.0,,,,,1.0,1.0163885759489437,14:28:20.654679
829,500000,sell,2020-08-09,50.0,49.0,,,,,1.0,1.0158836310032366,14:28:22.164759
830,1000000,sell,2020-08-09,49.0,49.0,,,,,2.0,1.0151228552594886,14:28:22.890831
831,1500000,sell,2020-08-09,48.0,49.0,,,,,3.0,1.0144321654500714,14:28:23.588896
832,10000,buy,2020-08-09,76.0,24.0,,,,,,1.0175513932825195,14:28:25.035121
833,25000,buy,2020-08-09,61.0,39.0,,,,,,1.0175801834656688,14:28:26.452668
834,50000,buy,2020-08-09,56.0,44.0,,,,,,1.0176248214153896,14:28:27.835680
835,100000,buy,2020-08-09,54.0,46.0,,,,,,1.0177133714749007,14:28:29.140780
836,200000,buy,2020-08-09,53.0,47.0,,,,,,1.0178921906269314,14:28:29.775112
837,500000,buy,2020-08-09,49.0,46.0,,5.0,,,,1.0184302490762571,14:28:30.341932
838,1000000,buy,2020-08-09,48.0,45.0,,3.0,,,4.0,1.0193560124499423,14:28:30.979727
839,1500000,buy,2020-08-09,50.0,45.0,,2.0,,,3.0,1.0203690094788982,14:28:32.297116
840,10000,sell,2020-08-09,15.0,62.0,,,3.0,,20.0,1.0168246620555002,14:28:32.954905
841,25000,sell,2020-08-09,37.0,54.0,,,1.0,,8.0,1.016732375083989,14:28:34.594144
842,50000,sell,2020-08-09,44.0,51.0,,,1.0,,4.0,1.0166636291454396,14:28:36.025953
843,100000,sell,2020-08-09,48.0,50.0,,,,,2.0,1.0165650394984358,14:28:37.279825
844,200000,sell,2020-08-09,49.0,50.0,,,,,1.0,1.0163885755257465,14:28:37.958929
845,500000,sell,2020-08-09,50.0,49.0,,,,,1.0,1.0158836306076624,14:28:39.160837
846,1000000,sell,2020-08-09,49.0,49.0,,,,,2.0,1.01512285489303,14:28:40.411848
847,1500000,sell,2020-08-09,48.0,49.0,,1.0,,,2.0,1.014426904738249,14:28:41.584967
848,10000,buy,2020-08-09,41.0,59.0,,,,,,1.017215952137066,14:29:24.390799
849,25000,buy,2020-08-09,47.0,53.0,,,,,,1.0172418797065297,14:29:25.176455
850,50000,buy,2020-08-09,49.0,51.0,,,,,,1.0172846609761514,14:29:25.929700
851,100000,buy,2020-08-09,50.0,50.0,,,,,,1.0173705671391475,14:29:27.277103
852,200000,buy,2020-08-09,51.0,49.0,,,,,,1.0175445754971226,14:29:28.528562
853,500000,buy,2020-08-09,51.0,49.0,,,,,,1.018085393856965,14:29:29.699926
854,1000000,buy,2020-08-09,49.0,46.0,,3.0,,,2.0,1.018990570462017,14:29:30.565262
855,1500000,buy,2020-08-09,49.0,46.0,,2.0,,,3.0,1.0199750696009726,14:29:31.333822
856,10000,sell,2020-08-09,49.0,28.0,,,3.0,,20.0,1.0165538482867422,14:29:32.022112
857,25000,sell,2020-08-09,50.0,41.0,,,1.0,,8.0,1.0164216519853952,14:29:32.678177
858,50000,sell,2020-08-09,50.0,45.0,,,1.0,,4.0,1.0163412047659988,14:29:33.393935
859,100000,sell,2020-08-09,51.0,47.0,,,,,2.0,1.0162374502817748,14:29:34.535157
860,200000,sell,2020-08-09,50.0,47.0,,,,,3.0,1.0160624091463715,14:29:35.770603
861,500000,sell,2020-08-09,50.0,48.0,,,,,2.0,1.0155792408763975,14:29:37.039413
862,1000000,sell,2020-08-09,48.0,48.0,,,,,4.0,1.014852966140451,14:29:38.382823
863,1500000,sell,2020-08-09,47.0,48.0,,1.0,,1.0,3.0,1.0141959873430018,14:29:39.283871
864,10000,buy,2020-08-09,41.0,59.0,,,,,,1.0172159516113264,14:29:42.370395
865,25000,buy,2020-08-09,47.0,53.0,,,,,,1.0172418792331142,14:29:43.724839
866,50000,buy,2020-08-09,49.0,51.0,,,,,,1.017284660518761,14:29:44.413581
867,100000,buy,2020-08-09,50.0,50.0,,,,,,1.0173705666870827,14:29:45.021620
868,200000,buy,2020-08-09,51.0,49.0,,,,,,1.0175445750469594,14:29:46.529612
869,500000,buy,2020-08-09,51.0,49.0,,,,,,1.0180853933837093,14:29:47.277514
870,1000000,buy,2020-08-09,49.0,46.0,,3.0,,,2.0,1.0189905699824653,14:29:48.040611
871,1500000,buy,2020-08-09,49.0,46.0,,2.0,,,3.0,1.0199750690783393,14:29:49.291431
872,10000,sell,2020-08-09,32.0,11.0,,,3.0,34.0,20.0,1.0169085983752837,14:29:50.701970
873,25000,sell,2020-08-09,43.0,34.0,,,1.0,14.0,8.0,1.0165705467490507,14:29:51.960329
874,50000,sell,2020-08-09,47.0,41.0,,,1.0,7.0,4.0,1.0164215662031133,14:29:53.236411
875,100000,sell,2020-08-09,49.0,45.0,,,,4.0,2.0,1.0162838967913264,14:29:54.552241
876,200000,sell,2020-08-09,49.0,47.0,,,,2.0,2.0,1.0160920506910696,14:29:55.877541
877,500000,sell,2020-08-09,49.0,48.0,,,,1.0,2.0,1.0156002204797194,14:29:56.939005
878,1000000,sell,2020-08-09,48.0,47.0,,,,1.0,4.0,1.0148716003524554,14:29:57.640319
879,1500000,sell,2020-08-09,47.0,48.0,,1.0,,1.0,3.0,1.0141959873430018,14:29:58.822611
880,10000,buy,2020-08-09,41.0,59.0,,,,,,1.0172159516113264,14:30:40.651524
881,25000,buy,2020-08-09,47.0,53.0,,,,,,1.0172418792331142,14:30:41.914930
882,50000,buy,2020-08-09,49.0,51.0,,,,,,1.017284660518761,14:30:42.701648
883,100000,buy,2020-08-09,50.0,50.0,,,,,,1.0173705666870827,14:30:43.984570
884,200000,buy,2020-08-09,51.0,49.0,,,,,,1.0175445750469594,14:30:45.327838
885,500000,buy,2020-08-09,51.0,49.0,,,,,,1.0180853916259032,14:30:46.934355
886,1000000,buy,2020-08-09,49.0,46.0,,3.0,,,2.0,1.018992175293796,14:30:47.651246
887,1500000,buy,2020-08-09,49.0,46.0,,2.0,,,3.0,1.0199790468881644,14:30:48.865364
888,10000,sell,2020-08-09,39.0,17.0,,,3.0,31.0,10.0,1.0168186226017246,14:30:50.211707
889,25000,sell,2020-08-09,46.0,37.0,,,1.0,12.0,4.0,1.016523666599531,14:30:50.943561
890,50000,sell,2020-08-09,48.0,43.0,,,1.0,6.0,2.0,1.0163963757084997,14:30:52.596930
891,100000,sell,2020-08-09,50.0,46.0,,,,3.0,1.0,1.0162676565443869,14:30:53.838341
892,200000,sell,2020-08-09,49.0,47.0,,,,2.0,2.0,1.0160821987072435,14:30:54.409681
893,500000,sell,2020-08-09,50.0,48.0,,,,1.0,1.0,1.0155943520522444,14:30:55.805593
894,1000000,sell,2020-08-09,48.0,47.0,,,,1.0,4.0,1.014865751615619,14:30:56.547498
895,1500000,sell,2020-08-09,47.0,48.0,,1.0,,1.0,3.0,1.014176856446515,14:30:57.282950
896,10000,buy,2020-08-09,41.0,59.0,,,,,,1.0172159495334034,14:30:59.619754
897,25000,buy,2020-08-09,47.0,53.0,,,,,,1.0172418773619956,14:31:00.894046
898,50000,buy,2020-08-09,49.0,51.0,,,,,,1.0172846587109812,14:31:01.888714
899,100000,buy,2020-08-09,50.0,50.0,,,,,,1.017370564900351,14:31:03.362000
900,200000,buy,2020-08-09,51.0,49.0,,,,,,1.0175445732677437,14:31:04.659018
901,500000,buy,2020-08-09,51.0,49.0,,,,,,1.0180853913780161,14:31:05.488966
902,1000000,buy,2020-08-09,49.0,46.0,,3.0,,,2.0,1.01899217504261,14:31:07.055736
903,1500000,buy,2020-08-09,49.0,46.0,,2.0,,,3.0,1.019979046614411,14:31:08.588091
904,10000,sell,2020-08-09,39.0,18.0,,,3.0,30.0,10.0,1.0167993510396711,14:31:10.096943
905,25000,sell,2020-08-09,46.0,37.0,,,1.0,12.0,4.0,1.0165236664278436,14:31:11.052092
906,50000,sell,2020-08-09,48.0,43.0,,,1.0,6.0,2.0,1.0163963755097887,14:31:11.635909
907,100000,sell,2020-08-09,50.0,46.0,,,,3.0,1.0,1.0162676564293849,14:31:12.486600
908,200000,sell,2020-08-09,49.0,47.0,,,,2.0,2.0,1.0160821985915933,14:31:13.736600
909,500000,sell,2020-08-09,50.0,48.0,,,,1.0,1.0,1.015594351939584,14:31:15.017133
910,1000000,sell,2020-08-09,48.0,47.0,,,,1.0,4.0,1.014865751512901,14:31:15.780561
911,1500000,sell,2020-08-09,47.0,48.0,,1.0,,1.0,3.0,1.0141768563490559,14:31:17.084700
912,10000,buy,2020-08-09,41.0,59.0,,,,,,1.0172159483068224,14:31:58.450202
913,25000,buy,2020-08-09,47.0,53.0,,,,,,1.0172418762574893,14:31:59.023008
914,50000,buy,2020-08-09,49.0,51.0,,,,,,1.017284657643863,14:32:00.306921
915,100000,buy,2020-08-09,50.0,50.0,,,,,,1.017370563845657,14:32:01.758317
916,200000,buy,2020-08-09,51.0,49.0,,,,,,1.0175445722174858,14:32:03.200641
917,500000,buy,2020-08-09,51.0,49.0,,,,,,1.0180853904090865,14:32:04.130549
918,1000000,buy,2020-08-09,49.0,46.0,,3.0,,,2.0,1.0189905669682646,14:32:05.516724
919,1500000,buy,2020-08-09,49.0,46.0,,2.0,,,3.0,1.019975065469849,14:32:06.959961
920,10000,sell,2020-08-09,48.0,27.0,,,3.0,2.0,20.0,1.01658454262187,14:32:07.754721
921,25000,sell,2020-08-09,50.0,40.0,,,1.0,1.0,8.0,1.0164341879621808,14:32:08.959071
922,50000,sell,2020-08-09,50.0,44.0,,,1.0,1.0,4.0,1.01634424467518,14:32:09.720627
923,100000,sell,2020-08-09,50.0,47.0,,,,1.0,2.0,1.016239037407204,14:32:11.110001
924,200000,sell,2020-08-09,49.0,47.0,,,,1.0,3.0,1.0160640413510447,14:32:12.462915
925,500000,sell,2020-08-09,49.0,48.0,,,,1.0,2.0,1.0155852326622048,14:32:13.263471
926,1000000,sell,2020-08-09,48.0,47.0,,,,1.0,4.0,1.0148566526684977,14:32:14.568366
927,1500000,sell,2020-08-09,47.0,48.0,,2.0,,,3.0,1.0141811062808517,14:32:15.364551
928,10000,buy,2020-08-09,41.0,59.0,,,,,,1.017215947580893,14:32:18.384587
929,25000,buy,2020-08-09,47.0,53.0,,,,,,1.0172418756038077,14:32:19.100673
930,50000,buy,2020-08-09,49.0,51.0,,,,,,1.017284657012309,14:32:20.425853
931,100000,buy,2020-08-09,50.0,50.0,,,,,,1.017370563221456,14:32:21.038986
932,200000,buy,2020-08-09,51.0,49.0,,,,,,1.0175445715959097,14:32:21.743448
933,500000,buy,2020-08-09,51.0,49.0,,,,,,1.0180853895978907,14:32:23.399180
934,1000000,buy,2020-08-09,50.0,47.0,,3.0,,,,1.0189979124508879,14:32:24.828129
935,1500000,buy,2020-08-09,50.0,47.0,,2.0,,,1.0,1.020029594122218,14:32:26.318793
936,10000,sell,2020-08-09,33.0,11.0,,,,36.0,20.0,1.0169280466707362,14:32:26.993686
937,25000,sell,2020-08-09,43.0,34.0,,,,15.0,8.0,1.0165782628281448,14:32:28.339834
938,50000,sell,2020-08-09,47.0,41.0,,,,8.0,4.0,1.0164275048577096,14:32:29.681216
939,100000,sell,2020-08-09,49.0,45.0,,,,4.0,2.0,1.0162891767479147,14:32:30.517948
940,200000,sell,2020-08-09,49.0,47.0,,,,2.0,2.0,1.0160946890067024,14:32:31.832721
941,500000,sell,2020-08-09,49.0,48.0,,,,1.0,2.0,1.0156015400804606,14:32:33.114086
942,1000000,sell,2020-08-09,48.0,47.0,,,,1.0,4.0,1.0148729300830486,14:32:34.426068
943,1500000,sell,2020-08-09,47.0,48.0,,1.0,,1.0,3.0,1.014192726848446,14:32:35.928068
944,10000,buy,2020-08-09,94.0,6.0,,,,,,1.017201178921716,14:33:16.878041
945,25000,buy,2020-08-09,68.0,32.0,,,,,,1.0172343203516718,14:33:18.265596
946,50000,buy,2020-08-09,60.0,40.0,,,,,,1.0172794962070826,14:33:19.201059
947,100000,buy,2020-08-09,55.0,45.0,,,,,,1.0173665800265166,14:33:19.887840
948,200000,buy,2020-08-09,53.0,47.0,,,,,,1.017541102972653,14:33:21.159902
949,500000,buy,2020-08-09,52.0,48.0,,,,,,1.0180821070144384,14:33:21.908662
950,1000000,buy,2020-08-09,50.0,46.0,,3.0,,,1.0,1.0189915395092761,14:33:23.187987
951,1500000,buy,2020-08-09,50.0,45.0,,2.0,,,3.0,1.0199845803629517,14:33:23.777798
952,10000,sell,2020-08-09,,76.0,,,,4.0,20.0,1.0165981812955873,14:33:24.699503
953,25000,sell,2020-08-09,29.0,62.0,,,,1.0,8.0,1.0164363387632713,14:33:25.286978
954,50000,sell,2020-08-09,40.0,55.0,,,,1.0,4.0,1.0163489802677688,14:33:25.970758
955,100000,sell,2020-08-09,46.0,52.0,,,,,2.0,1.0162360070478762,14:33:27.277961
956,200000,sell,2020-08-09,47.0,50.0,,,,,3.0,1.0160604748600213,14:33:28.774487
957,500000,sell,2020-08-09,49.0,49.0,,,,,2.0,1.0155770722913573,14:33:30.080670
958,1000000,sell,2020-08-09,48.0,48.0,,,,,4.0,1.0148509055241375,14:33:31.572752
959,1500000,sell,2020-08-09,47.0,48.0,,2.0,,,3.0,1.0141792926688273,14:33:32.938888
960,10000,buy,2020-08-09,94.0,6.0,,,,,,1.017201178921716,14:33:36.647966
961,25000,buy,2020-08-09,68.0,32.0,,,,,,1.0172343203516718,14:33:37.999533
962,50000,buy,2020-08-09,60.0,40.0,,,,,,1.0172794962070826,14:33:39.284478
963,100000,buy,2020-08-09,55.0,45.0,,,,,,1.0173665800265166,14:33:40.615621
964,200000,buy,2020-08-09,53.0,47.0,,,,,,1.017541102972653,14:33:41.198494
965,500000,buy,2020-08-09,52.0,48.0,,,,,,1.0180821070144384,14:33:41.944710
966,1000000,buy,2020-08-09,50.0,46.0,,3.0,,,1.0,1.0189915395092761,14:33:43.214061
967,1500000,buy,2020-08-09,50.0,45.0,,2.0,,,3.0,1.0199845803629517,14:33:44.473658
968,10000,sell,2020-08-09,,76.0,,,,4.0,20.0,1.0165981812955873,14:33:45.801783
969,25000,sell,2020-08-09,29.0,62.0,,,,1.0,8.0,1.0164363387632713,14:33:46.592529
970,50000,sell,2020-08-09,40.0,55.0,,,,1.0,4.0,1.0163489802677688,14:33:47.341486
971,100000,sell,2020-08-09,46.0,52.0,,,,,2.0,1.0162360070478762,14:33:48.650755
972,200000,sell,2020-08-09,47.0,50.0,,,,,3.0,1.0160604748600213,14:33:49.423508
973,500000,sell,2020-08-09,49.0,49.0,,,,,2.0,1.0155770722913573,14:33:50.849541
974,1000000,sell,2020-08-09,48.0,48.0,,,,,4.0,1.0148509055241375,14:33:52.208827
975,1500000,sell,2020-08-09,47.0,48.0,,2.0,,,3.0,1.0141792926688273,14:33:53.573822
976,10000,buy,2020-08-09,68.0,32.0,,,,,,1.0172302674190645,14:34:33.774572
977,25000,buy,2020-08-09,58.0,42.0,,,,,,1.0172569495913073,14:34:34.602606
978,50000,buy,2020-08-09,54.0,46.0,,,,,,1.0173000098521556,14:34:35.535331
979,100000,buy,2020-08-09,53.0,47.0,,,,,,1.0173860976646234,14:34:36.239226
980,200000,buy,2020-08-09,52.0,48.0,,,,,,1.017560257605389,14:34:37.144758
981,500000,buy,2020-08-09,51.0,48.0,,1.0,,,,1.0181013262148395,14:34:38.475693
982,1000000,buy,2020-08-09,50.0,46.0,,3.0,,,1.0,1.0190110180692957,14:34:39.118888
983,1500000,buy,2020-08-09,50.0,45.0,,2.0,,,3.0,1.0200049746944106,14:34:40.323938
984,10000,sell,2020-08-09,23.0,54.0,,,,3.0,20.0,1.0166015891203433,14:34:41.054266
985,25000,sell,2020-08-09,40.0,51.0,,,,1.0,8.0,1.0164486543168643,14:34:41.922197
986,50000,sell,2020-08-09,45.0,50.0,,,,1.0,4.0,1.0163641073599081,14:34:43.396579
987,100000,sell,2020-08-09,48.0,50.0,,,,,2.0,1.0162526605968538,14:34:43.965500
988,200000,sell,2020-08-09,49.0,49.0,,,,,2.0,1.0160773803515981,14:34:45.216326
989,500000,sell,2020-08-09,49.0,49.0,,,,,2.0,1.0155939293795204,14:34:45.886300
990,1000000,sell,2020-08-09,48.0,48.0,,,,,4.0,1.014866844034103,14:34:46.586054
991,1500000,sell,2020-08-09,47.0,48.0,,2.0,,,3.0,1.014194407241165,14:34:47.887205
992,10000,buy,2020-08-09,68.0,32.0,,,,,,1.017230266793088,14:34:54.843862
993,25000,buy,2020-08-09,58.0,42.0,,,,,,1.0172569487677396,14:34:56.169853
994,50000,buy,2020-08-09,54.0,46.0,,,,,,1.017300009359917,14:34:57.497832
995,100000,buy,2020-08-09,53.0,47.0,,,,,,1.0173860971576785,14:34:58.256749
996,200000,buy,2020-08-09,52.0,48.0,,,,,,1.0175602570791398,14:34:59.577755
997,500000,buy,2020-08-09,51.0,48.0,,1.0,,,,1.0181013256621432,14:35:00.389889
998,1000000,buy,2020-08-09,50.0,46.0,,3.0,,,1.0,1.0190110174965634,14:35:01.170848
999,1500000,buy,2020-08-09,50.0,45.0,,2.0,,,3.0,1.020004974087162,14:35:01.925721
1000,10000,sell,2020-08-09,6.0,38.0,,,,36.0,20.0,1.0169488050339603,14:35:03.402216
1001,25000,sell,2020-08-09,33.0,44.0,,,,15.0,8.0,1.0165959717965525,14:35:04.074487
1002,50000,sell,2020-08-09,41.0,47.0,,,,8.0,4.0,1.0164441694037796,14:35:05.601618
1003,100000,sell,2020-08-09,46.0,48.0,,,,4.0,2.0,1.0163051900380238,14:35:06.457733
1004,200000,sell,2020-08-09,48.0,49.0,,,,2.0,1.0,1.016110258033392,14:35:07.231644
1005,500000,sell,2020-08-09,49.0,48.0,,,,1.0,2.0,1.0156163975876253,14:35:08.585259
1006,1000000,sell,2020-08-09,47.0,48.0,,,,1.0,4.0,1.0148869714078925,14:35:09.472739
1007,1500000,sell,2020-08-09,47.0,48.0,,1.0,,1.0,3.0,1.0142109490064826,14:35:10.238589
1008,10000,buy,2020-08-09,68.0,32.0,,,,,,1.0172302661142032,14:35:49.276673
1009,25000,buy,2020-08-09,58.0,42.0,,,,,,1.0172569478745628,14:35:49.996693
1010,50000,buy,2020-08-09,54.0,46.0,,,,,,1.0173000083776442,14:35:50.768121
1011,100000,buy,2020-08-09,53.0,47.0,,,,,,1.0173860961460581,14:35:52.023651
1012,200000,buy,2020-08-09,52.0,48.0,,,,,,1.0175602558610228,14:35:53.409808
1013,500000,buy,2020-08-09,51.0,48.0,,1.0,,,,1.0181013243827999,14:35:54.715431
1014,1000000,buy,2020-08-09,50.0,46.0,,3.0,,,1.0,1.019011016170827,14:35:55.421467
1015,1500000,buy,2020-08-09,50.0,45.0,,2.0,,,3.0,1.0200049726815128,14:35:56.755223
1016,10000,sell,2020-08-09,9.0,41.0,,,,40.0,10.0,1.016917893153696,14:35:58.075454
1017,25000,sell,2020-08-09,34.0,46.0,,,,16.0,4.0,1.0165823486142422,14:35:59.311601
1018,50000,sell,2020-08-09,42.0,48.0,,,,8.0,2.0,1.0164362555361222,14:36:00.598418
1019,100000,sell,2020-08-09,48.0,47.0,,,,4.0,1.0,1.0163068709650875,14:36:01.934967
1020,200000,sell,2020-08-09,49.0,48.0,,,,2.0,1.0,1.016111971938415,14:36:02.606439
1021,500000,sell,2020-08-09,49.0,49.0,,,,1.0,1.0,1.01562039254651,14:36:03.465744
1022,1000000,sell,2020-08-09,48.0,47.0,,,,1.0,4.0,1.0148916873349665,14:36:04.693758
1023,1500000,sell,2020-08-09,47.0,48.0,,1.0,,1.0,3.0,1.0142112350554602,14:36:06.055904
1024,10000,buy,2020-08-09,56.0,44.0,,,,,,1.0172400444403764,14:36:11.174636
1025,25000,buy,2020-08-09,53.0,47.0,,,,,,1.0172656889661593,14:36:11.967115
1026,50000,buy,2020-08-09,52.0,48.0,,,,,,1.0173084225113547,14:36:13.180921
1027,100000,buy,2020-08-09,52.0,48.0,,,,,,1.017394404729363,14:36:14.065223
1028,200000,buy,2020-08-09,51.0,49.0,,,,,,1.0175686089726848,14:36:15.373586
1029,500000,buy,2020-08-09,50.0,48.0,,2.0,,,,1.0181098487969746,14:36:16.133950
1030,1000000,buy,2020-08-09,50.0,46.0,,3.0,,,1.0,1.0190199425427602,14:36:17.445402
1031,1500000,buy,2020-08-09,49.0,46.0,,2.0,,,3.0,1.020014505451212,14:36:18.224440
1032,10000,sell,2020-08-09,21.0,31.0,,,,38.0,10.0,1.016895836317419,14:36:18.907494
1033,25000,sell,2020-08-09,46.0,49.0,,,,1.0,4.0,1.0164067355281607,14:36:20.192317
1034,50000,sell,2020-08-09,48.0,49.0,,,,1.0,2.0,1.0163453756750749,14:36:21.415303
1035,100000,sell,2020-08-09,50.0,49.0,,,,,1.0,1.0162455483292707,14:36:22.049520
1036,200000,sell,2020-08-09,50.0,49.0,,,,,1.0,1.0160759953907612,14:36:22.592732
1037,500000,sell,2020-08-09,50.0,49.0,,,,,1.0,1.015596252687059,14:36:23.959603
1038,1000000,sell,2020-08-09,49.0,48.0,,,,,3.0,1.014862596978199,14:36:24.554288
1039,1500000,sell,2020-08-09,47.0,48.0,,3.0,,,2.0,1.0141824386925073,14:36:25.780941
1040,10000,buy,2020-08-09,56.0,44.0,,,,,,1.0172400433947903,14:37:07.603642
1041,25000,buy,2020-08-09,53.0,47.0,,,,,,1.0172656878465838,14:37:08.901501
1042,50000,buy,2020-08-09,52.0,48.0,,,,,,1.0173084213633385,14:37:09.707985
1043,100000,buy,2020-08-09,52.0,48.0,,,,,,1.0173944035722011,14:37:11.145361
1044,200000,buy,2020-08-09,51.0,49.0,,,,,,1.0175686075999917,14:37:12.019224
1045,500000,buy,2020-08-09,50.0,48.0,,2.0,,,,1.018109847385632,14:37:13.870362
1046,1000000,buy,2020-08-09,50.0,47.0,,3.0,,,,1.0190231943016022,14:37:14.568956
1047,1500000,buy,2020-08-09,50.0,46.0,,2.0,,,2.0,1.0200264094831082,14:37:16.219182
1048,10000,sell,2020-08-09,34.0,43.0,,,,3.0,20.0,1.0166060207866274,14:37:17.465903
1049,25000,sell,2020-08-09,44.0,47.0,,,,1.0,8.0,1.0164552235231132,14:37:18.406353
1050,50000,sell,2020-08-09,47.0,48.0,,,,1.0,4.0,1.0163713094814009,14:37:19.766878
1051,100000,sell,2020-08-09,49.0,49.0,,,,,2.0,1.0162602157200087,14:37:20.542690
1052,200000,sell,2020-08-09,50.0,49.0,,,,,1.0,1.016085006905618,14:37:21.281905
1053,500000,sell,2020-08-09,48.0,48.0,,,,,4.0,1.0156268767332335,14:37:22.645211
1054,1000000,sell,2020-08-09,48.0,48.0,,,,,4.0,1.014893903939859,14:37:23.475170
1055,1500000,sell,2020-08-09,47.0,48.0,,2.0,,,3.0,1.0142142209458846,14:37:24.863837
1056,10000,buy,2020-08-09,56.0,44.0,,,,,,1.017240043133394,14:37:27.347548
1057,25000,buy,2020-08-09,53.0,47.0,,,,,,1.0172656875666897,14:37:28.018582
1058,50000,buy,2020-08-09,52.0,48.0,,,,,,1.0173084210763346,14:37:29.323505
1059,100000,buy,2020-08-09,52.0,48.0,,,,,,1.0173944032829105,14:37:30.591515
1060,200000,buy,2020-08-09,51.0,49.0,,,,,,1.0175686074713017,14:37:32.109559
1061,500000,buy,2020-08-09,50.0,48.0,,2.0,,,,1.0181098472533188,14:37:33.370455
1062,1000000,buy,2020-08-09,50.0,47.0,,3.0,,,,1.0190231941610082,14:37:34.631291
1063,1500000,buy,2020-08-09,50.0,46.0,,2.0,,,2.0,1.0200264093336577,14:37:35.425393
1064,10000,sell,2020-08-09,34.0,43.0,,,,3.0,20.0,1.0166060206775493,14:37:36.120121
1065,25000,sell,2020-08-09,44.0,47.0,,,,1.0,8.0,1.0164552234041866,14:37:37.262154
1066,50000,sell,2020-08-09,47.0,48.0,,,,1.0,4.0,1.016371309360442,14:37:37.984220
1067,100000,sell,2020-08-09,49.0,49.0,,,,,2.0,1.0162602155975562,14:37:39.305691
1068,200000,sell,2020-08-09,50.0,49.0,,,,,1.0,1.016085006785136,14:37:40.501588
1069,500000,sell,2020-08-09,48.0,48.0,,,,,4.0,1.0156268766205139,14:37:41.180353
1070,1000000,sell,2020-08-09,48.0,48.0,,,,,4.0,1.0148939038352256,14:37:42.538489
1071,1500000,sell,2020-08-09,47.0,48.0,,2.0,,,3.0,1.0142142208483889,14:37:43.437273
1072,10000,buy,2020-08-09,52.0,48.0,,,,,,1.0172371860046323,14:38:26.397828
1073,25000,buy,2020-08-09,51.0,49.0,,,,,,1.017262711036125,14:38:27.617437
1074,50000,buy,2020-08-09,51.0,49.0,,,,,,1.0173053947044965,14:38:28.353221
1075,100000,buy,2020-08-09,51.0,49.0,,,,,,1.0173913250383604,14:38:29.811395
1076,200000,buy,2020-08-09,51.0,49.0,,,,,,1.0175654693250562,14:38:31.112124
1077,500000,buy,2020-08-09,50.0,48.0,,2.0,,,,1.0181066286603428,14:38:31.960385
1078,1000000,buy,2020-08-09,50.0,46.0,,3.0,,,1.0,1.0190167717019625,14:38:32.657354
1079,1500000,buy,2020-08-09,49.0,46.0,,2.0,,,3.0,1.020014605268462,14:38:34.004294
1080,10000,sell,2020-08-09,31.0,41.0,,,2.0,6.0,20.0,1.0165625391289712,14:38:35.292359
1081,25000,sell,2020-08-09,46.0,44.0,,,1.0,1.0,8.0,1.0164326967425317,14:38:36.084281
1082,50000,sell,2020-08-09,48.0,47.0,,,,1.0,4.0,1.0163581205014638,14:38:36.959268
1083,100000,sell,2020-08-09,49.0,48.0,,,,1.0,2.0,1.0162585119465843,14:38:37.637372
1084,200000,sell,2020-08-09,50.0,48.0,,,,1.0,1.0,1.0160834809480452,14:38:38.915367
1085,500000,sell,2020-08-09,48.0,48.0,,,,1.0,3.0,1.0156162241100886,14:38:40.287534
1086,1000000,sell,2020-08-09,49.0,49.0,,,,,2.0,1.0148650564969985,14:38:41.680269
1087,1500000,sell,2020-08-09,47.0,48.0,,4.0,,,1.0,1.0141708987337352,14:38:42.533902
1088,10000,buy,2020-08-09,52.0,48.0,,,,,,1.017237185210627,14:38:44.832340
1089,25000,buy,2020-08-09,51.0,49.0,,,,,,1.0172627102235932,14:38:46.297348
1090,50000,buy,2020-08-09,51.0,49.0,,,,,,1.0173053944743948,14:38:47.626356
1091,100000,buy,2020-08-09,51.0,49.0,,,,,,1.0173913248696533,14:38:48.320216
1092,200000,buy,2020-08-09,51.0,49.0,,,,,,1.0175654688963462,14:38:49.663290
1093,500000,buy,2020-08-09,50.0,48.0,,2.0,,,,1.0181066282195657,14:38:51.056176
1094,1000000,buy,2020-08-09,50.0,46.0,,3.0,,,1.0,1.0190167712452065,14:38:51.782365
1095,1500000,buy,2020-08-09,49.0,46.0,,2.0,,,3.0,1.0200109993452828,14:38:53.126228
1096,10000,sell,2020-08-09,37.0,37.0,,,4.0,2.0,20.0,1.016589219140795,14:38:54.355106
1097,25000,sell,2020-08-09,45.0,44.0,,,2.0,1.0,8.0,1.0164470827566974,14:38:55.053601
1098,50000,sell,2020-08-09,48.0,46.0,,,1.0,1.0,4.0,1.0163673606082546,14:38:56.385413
1099,100000,sell,2020-08-09,47.0,45.0,,,,1.0,7.0,1.0162664357329307,14:38:56.932777
1100,200000,sell,2020-08-09,48.0,47.0,,,,1.0,4.0,1.0160954483973024,14:38:57.597234
1101,500000,sell,2020-08-09,46.0,45.0,,,,1.0,8.0,1.0156441405789627,14:38:58.973168
1102,1000000,sell,2020-08-09,48.0,48.0,,,,,4.0,1.0149134691774147,14:38:59.781620
1103,1500000,sell,2020-08-09,47.0,48.0,,2.0,,,3.0,1.014227854653892,14:39:01.160479
1104,10000,buy,2020-08-09,30.0,70.0,,,,,,1.0172197518939798,14:39:43.307342
1105,25000,buy,2020-08-09,43.0,57.0,,,,,,1.0172470272044647,14:39:44.857470
1106,50000,buy,2020-08-09,47.0,53.0,,,,,,1.0172902547529794,14:39:45.605380
1107,100000,buy,2020-08-09,49.0,51.0,,,,,,1.0173763823224609,14:39:46.923556
1108,200000,buy,2020-08-09,50.0,50.0,,,,,,1.017550473008848,14:39:48.219297
1109,500000,buy,2020-08-09,50.0,49.0,,1.0,,,,1.0180913410338235,14:39:48.957186
1110,1000000,buy,2020-08-09,49.0,47.0,,3.0,,,1.0,1.0190009396705784,14:39:49.716790
1111,1500000,buy,2020-08-09,49.0,46.0,,2.0,,,3.0,1.019993956738028,14:39:50.962715
1112,10000,sell,2020-08-09,32.0,,,,4.0,44.0,20.0,1.0171815579629773,14:39:51.634111
1113,25000,sell,2020-08-09,45.0,27.0,,,2.0,18.0,8.0,1.0166840378859034,14:39:52.891818
1114,50000,sell,2020-08-09,48.0,38.0,,,1.0,9.0,4.0,1.016485823117497,14:39:53.466251
1115,100000,sell,2020-08-09,47.0,41.0,,,,5.0,7.0,1.0163259216700247,14:39:54.302424
1116,200000,sell,2020-08-09,48.0,45.0,,,,3.0,4.0,1.0161244663896345,14:39:55.139147
1117,500000,sell,2020-08-09,46.0,45.0,,,,1.0,8.0,1.0156575875088159,14:39:56.325840
1118,1000000,sell,2020-08-09,48.0,47.0,,,,1.0,4.0,1.0149259766201788,14:39:57.077167
1119,1500000,sell,2020-08-09,47.0,48.0,,1.0,,1.0,3.0,1.0142373523577772,14:39:57.759092
1120,10000,buy,2020-08-09,30.0,70.0,,,,,,1.0172197520717519,14:40:02.488555
1121,25000,buy,2020-08-09,43.0,57.0,,,,,,1.0172470273495673,14:40:04.189782
1122,50000,buy,2020-08-09,47.0,53.0,,,,,,1.0172902548884446,14:40:05.546354
1123,100000,buy,2020-08-09,49.0,51.0,,,,,,1.0173763824538737,14:40:06.778928
1124,200000,buy,2020-08-09,50.0,50.0,,,,,,1.017550473139804,14:40:07.594544
1125,500000,buy,2020-08-09,50.0,49.0,,1.0,,,,1.0180913411686565,14:40:08.274558
1126,1000000,buy,2020-08-09,49.0,47.0,,3.0,,,1.0,1.0190009399741238,14:40:09.896630
1127,1500000,buy,2020-08-09,49.0,46.0,,2.0,,,3.0,1.0199939570606624,14:40:10.945377
1128,10000,sell,2020-08-09,33.0,,,,4.0,43.0,20.0,1.0171677673952084,14:40:11.689026
1129,25000,sell,2020-08-09,45.0,27.0,,,2.0,18.0,8.0,1.016678304133786,14:40:13.187420
1130,50000,sell,2020-08-09,48.0,38.0,,,1.0,9.0,4.0,1.016482956406538,14:40:14.583123
1131,100000,sell,2020-08-09,47.0,41.0,,,,5.0,7.0,1.0163243295931021,14:40:15.373146
1132,200000,sell,2020-08-09,48.0,45.0,,,,3.0,4.0,1.0161244663896345,14:40:16.717977
1133,500000,sell,2020-08-09,46.0,45.0,,,,1.0,8.0,1.0156575875088159,14:40:18.045575
1134,1000000,sell,2020-08-09,48.0,47.0,,,,1.0,4.0,1.0149259766201788,14:40:18.823084
1135,1500000,sell,2020-08-09,47.0,48.0,,1.0,,1.0,3.0,1.0142373523577772,14:40:19.560538
1136,10000,buy,2020-08-09,30.0,70.0,,,,,,1.017219749820067,14:40:59.015597
1137,25000,buy,2020-08-09,43.0,57.0,,,,,,1.0172470255116752,14:41:00.279033
1138,50000,buy,2020-08-09,47.0,53.0,,,,,,1.0172902531726231,14:41:01.180040
1139,100000,buy,2020-08-09,49.0,51.0,,,,,,1.017376380789381,14:41:02.121696
1140,200000,buy,2020-08-09,50.0,50.0,,,,,,1.0175504714810957,14:41:02.847474
1141,500000,buy,2020-08-09,50.0,49.0,,1.0,,,,1.0180913394608413,14:41:04.305605
1142,1000000,buy,2020-08-09,49.0,47.0,,3.0,,,1.0,1.0190009381996203,14:41:05.105108
1143,1500000,buy,2020-08-09,49.0,46.0,,2.0,,,3.0,1.0199939551745645,14:41:05.960490
1144,10000,sell,2020-08-09,33.0,,,,4.0,43.0,20.0,1.0171677673952084,14:41:06.903821
1145,25000,sell,2020-08-09,45.0,27.0,,,2.0,18.0,8.0,1.0166783032699327,14:41:07.913673
1146,50000,sell,2020-08-09,48.0,38.0,,,1.0,9.0,4.0,1.0164829551957306,14:41:08.926636
1147,100000,sell,2020-08-09,47.0,41.0,,,,5.0,7.0,1.016324328296272,14:41:09.729073
1148,200000,sell,2020-08-09,48.0,45.0,,,,3.0,4.0,1.0161244649892067,14:41:11.195832
1149,500000,sell,2020-08-09,46.0,45.0,,,,1.0,8.0,1.0156575861683854,14:41:12.568718
1150,1000000,sell,2020-08-09,48.0,47.0,,,,1.0,4.0,1.0149259753228033,14:41:14.005653
1151,1500000,sell,2020-08-09,47.0,48.0,,1.0,,1.0,3.0,1.014237351126834,14:41:14.780938
1152,10000,buy,2020-08-09,30.0,70.0,,,,,,1.017219749820067,14:41:21.095685
1153,25000,buy,2020-08-09,43.0,57.0,,,,,,1.0172470255116752,14:41:21.716581
1154,50000,buy,2020-08-09,47.0,53.0,,,,,,1.0172902531726231,14:41:23.027398
1155,100000,buy,2020-08-09,49.0,51.0,,,,,,1.017376380789381,14:41:24.196308
1156,200000,buy,2020-08-09,50.0,50.0,,,,,,1.0175504714810957,14:41:24.947509
1157,500000,buy,2020-08-09,50.0,49.0,,1.0,,,,1.0180913394608413,14:41:25.513085
1158,1000000,buy,2020-08-09,49.0,47.0,,3.0,,,1.0,1.0190009381996203,14:41:26.812301
1159,1500000,buy,2020-08-09,49.0,46.0,,2.0,,,3.0,1.0199939551745645,14:41:28.145552
1160,10000,sell,2020-08-09,33.0,,,,4.0,43.0,20.0,1.0171677673952084,14:41:28.971471
1161,25000,sell,2020-08-09,45.0,27.0,,,2.0,18.0,8.0,1.0166783032699327,14:41:30.321360
1162,50000,sell,2020-08-09,48.0,38.0,,,1.0,9.0,4.0,1.0164829551957306,14:41:31.594946
1163,100000,sell,2020-08-09,47.0,41.0,,,,5.0,7.0,1.016324328296272,14:41:32.960617
1164,200000,sell,2020-08-09,48.0,45.0,,,,3.0,4.0,1.0161244649892067,14:41:33.642548
1165,500000,sell,2020-08-09,46.0,45.0,,,,1.0,8.0,1.0156575861683854,14:41:34.805528
1166,1000000,sell,2020-08-09,48.0,47.0,,,,1.0,4.0,1.0149259753228033,14:41:35.576375
1167,1500000,sell,2020-08-09,47.0,48.0,,1.0,,1.0,3.0,1.014237351126834,14:41:36.873381
1168,10000,buy,2020-08-09,30.0,70.0,,,,,,1.017219749553423,14:42:16.311598
1169,25000,buy,2020-08-09,43.0,57.0,,,,,,1.0172470252940324,14:42:17.642365
1170,50000,buy,2020-08-09,47.0,53.0,,,,,,1.0172902529694359,14:42:18.916270
1171,100000,buy,2020-08-09,49.0,51.0,,,,,,1.017376380592272,14:42:19.705946
1172,200000,buy,2020-08-09,50.0,50.0,,,,,,1.017550471284672,14:42:20.572001
1173,500000,buy,2020-08-09,50.0,49.0,,1.0,,,,1.018091339258602,14:42:21.317745
1174,1000000,buy,2020-08-09,50.0,47.0,,3.0,,,,1.0190036700745106,14:42:22.681266
1175,1500000,buy,2020-08-09,50.0,47.0,,2.0,,,1.0,1.0200353119584662,14:42:24.047267
1176,10000,sell,2020-08-09,33.0,,,,4.0,43.0,20.0,1.0171677673952084,14:42:25.431422
1177,25000,sell,2020-08-09,45.0,27.0,,,2.0,18.0,8.0,1.0166783031676352,14:42:26.152202
1178,50000,sell,2020-08-09,48.0,38.0,,,1.0,9.0,4.0,1.016482955052347,14:42:27.546616
1179,100000,sell,2020-08-09,47.0,41.0,,,,5.0,7.0,1.0163243281427017,14:42:28.201367
1180,200000,sell,2020-08-09,48.0,45.0,,,,3.0,4.0,1.0161244648233683,14:42:29.348512
1181,500000,sell,2020-08-09,46.0,45.0,,,,1.0,8.0,1.015657586009652,14:42:30.648681
1182,1000000,sell,2020-08-09,48.0,47.0,,,,1.0,4.0,1.0149259751691684,14:42:31.852706
1183,1500000,sell,2020-08-09,47.0,48.0,,1.0,,1.0,3.0,1.0142373509810663,14:42:33.164371
1184,10000,buy,2020-08-09,30.0,70.0,,,,,,1.017219749553423,14:42:38.151799
1185,25000,buy,2020-08-09,43.0,57.0,,,,,,1.0172470252940324,14:42:39.417058
1186,50000,buy,2020-08-09,47.0,53.0,,,,,,1.0172902529694359,14:42:40.066732
1187,100000,buy,2020-08-09,49.0,51.0,,,,,,1.017376380592272,14:42:40.958657
1188,200000,buy,2020-08-09,50.0,50.0,,,,,,1.017550471284672,14:42:41.580678
1189,500000,buy,2020-08-09,50.0,49.0,,1.0,,,,1.018091339258602,14:42:42.474738
1190,1000000,buy,2020-08-09,49.0,47.0,,3.0,,,1.0,1.0190017042613064,14:42:43.725823
1191,1500000,buy,2020-08-09,49.0,46.0,,2.0,,,3.0,1.0200035310178948,14:42:45.012266
1192,10000,sell,2020-08-09,33.0,,,,4.0,43.0,20.0,1.0171677673952084,14:42:45.773869
1193,25000,sell,2020-08-09,45.0,27.0,,,2.0,18.0,8.0,1.0166783031676352,14:42:46.557063
1194,50000,sell,2020-08-09,48.0,38.0,,,1.0,9.0,4.0,1.016482955052347,14:42:47.284682
1195,100000,sell,2020-08-09,47.0,41.0,,,,5.0,7.0,1.0163243281427017,14:42:48.582615
1196,200000,sell,2020-08-09,48.0,45.0,,,,3.0,4.0,1.0161244648233683,14:42:49.399612
1197,500000,sell,2020-08-09,46.0,45.0,,,,1.0,8.0,1.015657586009652,14:42:50.908484
1198,1000000,sell,2020-08-09,48.0,47.0,,,,1.0,4.0,1.0149259751691684,14:42:52.304361
1199,1500000,sell,2020-08-09,47.0,48.0,,1.0,,1.0,3.0,1.0142373509810663,14:42:53.127410
1200,10000,buy,2020-08-09,30.0,70.0,,,,,,1.0172197457907792,14:43:34.021509
1201,25000,buy,2020-08-09,43.0,57.0,,,,,,1.0172470222228507,14:43:34.629314
1202,50000,buy,2020-08-09,47.0,53.0,,,,,,1.017290250102239,14:43:35.975188
1203,100000,buy,2020-08-09,49.0,51.0,,,,,,1.0173763778108469,14:43:36.658454
1204,200000,buy,2020-08-09,50.0,50.0,,,,,,1.0175504685129126,14:43:37.191282
1205,500000,buy,2020-08-09,50.0,49.0,,1.0,,,,1.0180913364047826,14:43:38.567471
1206,1000000,buy,2020-08-09,49.0,47.0,,3.0,,,1.0,1.0190017012960433,14:43:39.856159
1207,1500000,buy,2020-08-09,49.0,46.0,,2.0,,,3.0,1.0200035278660975,14:43:41.058202
1208,10000,sell,2020-08-09,59.0,17.0,,,4.0,,20.0,1.0165799622687526,14:43:41.845153
1209,25000,sell,2020-08-09,37.0,20.0,,,2.0,33.0,8.0,1.0172934190664416,14:43:43.124438
1210,50000,sell,2020-08-09,44.0,34.0,,,1.0,17.0,4.0,1.0167969392402403,14:43:43.906187
1211,100000,sell,2020-08-09,45.0,39.0,,,,9.0,7.0,1.0164869926104743,14:43:44.718370
1212,200000,sell,2020-08-09,47.0,44.0,,,,5.0,4.0,1.016211885492727,14:43:45.839157
1213,500000,sell,2020-08-09,46.0,45.0,,,,1.0,8.0,1.0156519320159458,14:43:47.173758
1214,1000000,sell,2020-08-09,48.0,47.0,,,,1.0,4.0,1.0149203206177597,14:43:47.917571
1215,1500000,sell,2020-08-09,47.0,48.0,,1.0,,1.0,3.0,1.014231695956771,14:43:49.173158
1216,10000,buy,2020-08-09,51.0,49.0,,,,,,1.0172396842992426,14:43:53.910719
1217,25000,buy,2020-08-09,51.0,49.0,,,,,,1.0172652099877801,14:43:54.694240
1218,50000,buy,2020-08-09,51.0,49.0,,,,,,1.0173079014441628,14:43:55.981903
1219,100000,buy,2020-08-09,48.0,52.0,,,,,,1.017412912239825,14:43:57.351875
1220,200000,buy,2020-08-09,50.0,50.0,,,,,,1.017587630188909,14:43:58.717685
1221,500000,buy,2020-08-09,49.0,48.0,,3.0,,,,1.0181292415252903,14:43:59.455726
1222,1000000,buy,2020-08-09,49.0,47.0,,3.0,,,1.0,1.0190414236428655,14:44:00.123147
1223,1500000,buy,2020-08-09,49.0,46.0,,2.0,,,3.0,1.0200456831667815,14:44:01.572051
1224,10000,sell,2020-08-09,64.0,7.0,,,4.0,5.0,20.0,1.0166179943836304,14:44:02.289569
1225,25000,sell,2020-08-09,56.0,32.0,,,2.0,2.0,8.0,1.016472100725865,14:44:02.997418
1226,50000,sell,2020-08-09,53.0,41.0,,,1.0,1.0,4.0,1.01639098787888,14:44:04.245447
1227,100000,sell,2020-08-09,50.0,42.0,,,,1.0,7.0,1.0162889690195396,14:44:04.980028
1228,200000,sell,2020-08-09,50.0,45.0,,,,1.0,4.0,1.016118089397364,14:44:05.831610
1229,500000,sell,2020-08-09,47.0,44.0,,,,1.0,8.0,1.015665060147637,14:44:06.416499
1230,1000000,sell,2020-08-09,48.0,47.0,,,,1.0,4.0,1.0149329043530133,14:44:07.683678
1231,1500000,sell,2020-08-09,48.0,48.0,,1.0,,,3.0,1.0142451986277323,14:44:08.722976
1232,10000,buy,2020-08-09,23.0,77.0,,,,,,1.017253577520051,14:44:49.876235
1233,25000,buy,2020-08-09,40.0,60.0,,,,,,1.0172824346106648,14:44:50.857438
1234,50000,buy,2020-08-09,45.0,55.0,,,,,,1.01732628903128,14:44:52.041381
1235,100000,buy,2020-08-09,48.0,52.0,,,,,,1.01741291143329,14:44:53.546629
1236,200000,buy,2020-08-09,50.0,50.0,,,,,,1.0175876294008783,14:44:54.351296
1237,500000,buy,2020-08-09,49.0,48.0,,3.0,,,,1.018129240731802,14:44:54.959683
1238,1000000,buy,2020-08-09,49.0,47.0,,3.0,,,1.0,1.0190414227997315,14:44:56.240441
1239,1500000,buy,2020-08-09,49.0,46.0,,2.0,,,3.0,1.0200456822705433,14:44:57.586593
1240,10000,sell,2020-08-09,64.0,6.0,,,4.0,6.0,20.0,1.0166208690623117,14:44:58.360815
1241,25000,sell,2020-08-09,55.0,32.0,,,2.0,3.0,8.0,1.0164726803143658,14:44:59.155403
1242,50000,sell,2020-08-09,53.0,40.0,,,1.0,2.0,4.0,1.0163911483010923,14:45:00.318965
1243,100000,sell,2020-08-09,50.0,42.0,,,,1.0,7.0,1.0162888157567667,14:45:01.696965
1244,200000,sell,2020-08-09,50.0,45.0,,,,1.0,4.0,1.0161179402931695,14:45:02.339647
1245,500000,sell,2020-08-09,47.0,44.0,,,,1.0,8.0,1.015664961796744,14:45:04.011368
1246,1000000,sell,2020-08-09,48.0,47.0,,,,1.0,4.0,1.0149328103928241,14:45:05.060531
1247,1500000,sell,2020-08-09,47.0,48.0,,2.0,,,3.0,1.014244600738668,14:45:06.808285
1248,10000,buy,2020-08-09,24.0,76.0,,,,,,1.01725326046365,14:45:09.790852
1249,25000,buy,2020-08-09,40.0,60.0,,,,,,1.017281885554444,14:45:11.161397
1250,50000,buy,2020-08-09,46.0,54.0,,,,,,1.0173256684526972,14:45:12.610119
1251,100000,buy,2020-08-09,48.0,52.0,,,,,,1.0174122496862783,14:45:13.669429
1252,200000,buy,2020-08-09,50.0,50.0,,,,,,1.0175869354980214,14:45:14.996504
1253,500000,buy,2020-08-09,49.0,48.0,,3.0,,,,1.0181285474856274,14:45:16.389437
1254,1000000,buy,2020-08-09,49.0,47.0,,3.0,,,1.0,1.0190407056305075,14:45:17.174473
