,amount,buy_or_sell,date,liquidity_curve_susd,liquidity_curvefi,liquidity_kyber,liquidity_oasis,liquidity_uniswap,liquidity_uniswap_v2,liquidity_zero_x,price,time
0,10000,buy,2020-08-12,,100.0,,,,,,1.0143519814956459,15:22:55.836446
1,25000,buy,2020-08-12,,100.0,,,,,,1.0144188282933573,15:22:56.824304
2,50000,buy,2020-08-12,,100.0,,,,,,1.0145316344338686,15:22:58.219963
3,100000,buy,2020-08-12,17.0,83.0,,,,,,1.0147427190844311,15:22:59.587470
4,200000,buy,2020-08-12,41.0,59.0,,,,,,1.0149895578005874,15:23:00.845643
5,500000,buy,2020-08-12,56.0,44.0,,,,,,1.0155447542470495,15:23:01.835569
6,1000000,buy,2020-08-12,62.0,38.0,,,,,,1.0164658330136656,15:23:02.703512
7,1500000,buy,2020-08-12,63.0,35.0,,,,,2.0,1.0174442688514238,15:23:04.080884
8,10000,sell,2020-08-12,71.0,,,,14.0,5.0,10.0,1.015122165790735,15:23:05.315340
9,25000,sell,2020-08-12,88.0,,,,6.0,2.0,4.0,1.0145126843678796,15:23:06.158436
10,50000,sell,2020-08-12,73.0,,,16.0,3.0,6.0,2.0,1.0142946033889484,15:23:06.986522
11,100000,sell,2020-08-12,78.0,,,17.0,1.0,3.0,1.0,1.0140984896853278,15:23:08.388552
12,200000,sell,2020-08-12,80.0,5.0,,9.0,1.0,2.0,3.0,1.013843680674461,15:23:09.777613
13,500000,sell,2020-08-12,68.0,21.0,,6.0,,1.0,4.0,1.013313209285611,15:23:11.269877
14,1000000,sell,2020-08-12,64.0,28.0,,3.0,,1.0,4.0,1.0126319419209266,15:23:12.056540
15,1500000,sell,2020-08-12,52.0,38.0,,6.0,,1.0,3.0,1.011924734065572,15:23:13.521450
16,10000,buy,2020-08-12,,100.0,,,,,,1.014084973190427,15:24:14.381084
17,25000,buy,2020-08-12,,100.0,,,,,,1.0141499020047595,15:24:15.691288
18,50000,buy,2020-08-12,,100.0,,,,,,1.0142594581852713,15:24:17.042356
19,100000,buy,2020-08-12,,100.0,,,,,,1.0144837417804156,15:24:18.358835
20,200000,buy,2020-08-12,32.0,68.0,,,,,,1.0147983974212984,15:24:19.721193
21,500000,buy,2020-08-12,53.0,47.0,,,,,,1.0153904550164201,15:24:21.060696
22,1000000,buy,2020-08-12,60.0,40.0,,,,,,1.016316702055255,15:24:21.805240
23,1500000,buy,2020-08-12,61.0,37.0,,,,,2.0,1.0172931218246861,15:24:22.767914
24,10000,sell,2020-08-12,49.0,,,,9.0,42.0,,1.0149347660560182,15:24:23.641895
25,25000,sell,2020-08-12,59.0,,,,4.0,17.0,20.0,1.0144277531765846,15:24:24.468192
26,50000,sell,2020-08-12,59.0,,,20.0,2.0,9.0,10.0,1.014224773991939,15:24:25.823988
27,100000,sell,2020-08-12,72.0,,,17.0,1.0,5.0,5.0,1.014067455143743,15:24:27.194378
28,200000,sell,2020-08-12,79.0,,,9.0,,3.0,9.0,1.0138100080247645,15:24:27.949268
29,500000,sell,2020-08-12,71.0,17.0,,6.0,,1.0,5.0,1.0132723351619766,15:24:29.136957
30,1000000,sell,2020-08-12,67.0,26.0,,3.0,,1.0,3.0,1.0125549167434884,15:24:30.315048
31,1500000,sell,2020-08-12,63.0,28.0,,6.0,,1.0,2.0,1.0119077153969713,15:24:31.602755
32,10000,buy,2020-08-12,,,71.0,,,29.0,,1.0134117396999522,15:25:33.046821
33,25000,buy,2020-08-12,,84.0,,,,16.0,,1.013979979781134,15:25:33.928660
34,50000,buy,2020-08-12,,91.0,,,,9.0,,1.0141606934566505,15:25:35.312654
35,100000,buy,2020-08-12,,95.0,,,,5.0,,1.0144169797995843,15:25:35.971511
36,200000,buy,2020-08-12,31.0,66.0,,,,3.0,,1.01475729447314,15:25:36.954811
37,500000,buy,2020-08-12,52.0,47.0,,,,1.0,,1.0153656968927869,15:25:38.191939
38,1000000,buy,2020-08-12,59.0,40.0,,,,1.0,,1.016287004904626,15:25:39.455945
39,1500000,buy,2020-08-12,61.0,37.0,,,,1.0,1.0,1.0172693010729568,15:25:40.740064
40,10000,sell,2020-08-12,66.0,,,,9.0,5.0,20.0,1.0148597023811181,15:25:42.047116
41,25000,sell,2020-08-12,66.0,,,,4.0,2.0,28.0,1.014394283823839,15:25:42.859965
42,50000,sell,2020-08-12,59.0,,,24.0,2.0,1.0,14.0,1.0142054255123991,15:25:44.216578
43,100000,sell,2020-08-12,74.0,,,17.0,1.0,1.0,7.0,1.0140438830116858,15:25:45.216604
44,200000,sell,2020-08-12,81.0,,,9.0,,,10.0,1.0137893837771663,15:25:45.947466
45,500000,sell,2020-08-12,69.0,17.0,,6.0,,,8.0,1.0132730815373114,15:25:47.410560
46,1000000,sell,2020-08-12,67.0,26.0,,3.0,,,4.0,1.0125651562162679,15:25:48.539574
47,1500000,sell,2020-08-12,63.0,28.0,,6.0,,,3.0,1.0119253117394205,15:25:49.931726
48,10000,buy,2020-08-12,,100.0,,,,,,1.0141266691813535,15:26:51.358172
49,25000,buy,2020-08-12,,100.0,,,,,,1.014191785502673,15:26:52.726162
50,50000,buy,2020-08-12,,100.0,,,,,,1.0143016579836055,15:26:54.026039
51,100000,buy,2020-08-12,1.0,99.0,,,,,,1.014526451328246,15:26:55.310732
52,200000,buy,2020-08-12,34.0,66.0,,,,,,1.0148292920505073,15:26:56.699668
53,500000,buy,2020-08-12,53.0,47.0,,,,,,1.0154145719190844,15:26:57.389465
54,1000000,buy,2020-08-12,60.0,40.0,,,,,,1.0163392194045378,15:26:58.162252
55,1500000,buy,2020-08-12,62.0,37.0,,,,,1.0,1.017328177228306,15:26:59.485753
56,10000,sell,2020-08-12,51.0,,,,14.0,5.0,30.0,1.0153668294711597,15:27:00.287286
57,25000,sell,2020-08-12,60.0,,,,6.0,2.0,32.0,1.0146020331915921,15:27:02.563439
58,50000,sell,2020-08-12,61.0,,,19.0,3.0,1.0,16.0,1.0143130337783632,15:27:03.856590
59,100000,sell,2020-08-12,73.0,,,17.0,1.0,1.0,8.0,1.0140957207936554,15:27:04.643446
60,200000,sell,2020-08-12,79.0,,,9.0,1.0,,11.0,1.0138391134751699,15:27:05.607557
61,500000,sell,2020-08-12,70.0,16.0,,6.0,,,8.0,1.0132776378124562,15:27:06.415113
62,1000000,sell,2020-08-12,67.0,26.0,,3.0,,,4.0,1.0125624549584489,15:27:07.808682
63,1500000,sell,2020-08-12,63.0,28.0,,6.0,,,3.0,1.0119224742506685,15:27:09.230667
64,10000,buy,2020-08-12,,100.0,,,,,,1.0140640716285465,15:28:10.173684
65,25000,buy,2020-08-12,,100.0,,,,,,1.014128747367091,15:28:10.992216
66,50000,buy,2020-08-12,,100.0,,,,,,1.014237872881849,15:28:12.574737
67,100000,buy,2020-08-12,,100.0,,,,,,1.0144612639091493,15:28:13.467451
68,200000,buy,2020-08-12,31.0,69.0,,,,,,1.0147844243364632,15:28:14.216210
69,500000,buy,2020-08-12,52.0,48.0,,,,,,1.0153815865706919,15:28:15.674744
70,1000000,buy,2020-08-12,60.0,40.0,,,,,,1.0163087649215923,15:28:16.984328
71,1500000,buy,2020-08-12,62.0,37.0,,,,,1.0,1.017297475671049,15:28:17.758077
72,10000,sell,2020-08-12,52.0,,,,14.0,4.0,30.0,1.0153475899782576,15:28:19.130637
73,25000,sell,2020-08-12,60.0,,,,6.0,2.0,32.0,1.01459430523376,15:28:20.489202
74,50000,sell,2020-08-12,61.0,,,19.0,3.0,1.0,16.0,1.0143091702778961,15:28:21.751798
75,100000,sell,2020-08-12,74.0,,,17.0,1.0,,8.0,1.0140933636808553,15:28:22.884435
76,200000,sell,2020-08-12,79.0,,,9.0,1.0,,11.0,1.0138391146788313,15:28:23.562217
77,500000,sell,2020-08-12,70.0,16.0,,6.0,,,8.0,1.0132776386718394,15:28:24.253996
78,1000000,sell,2020-08-12,67.0,26.0,,3.0,,,4.0,1.0125624556500654,15:28:24.801821
79,1500000,sell,2020-08-12,63.0,28.0,,6.0,,,3.0,1.0119224749696305,15:28:26.097406
80,10000,buy,2020-08-12,,100.0,,,,,,1.0140305576184339,15:29:26.890666
81,25000,buy,2020-08-12,,100.0,,,,,,1.014094994210978,15:29:27.613699
82,50000,buy,2020-08-12,,100.0,,,,,,1.0142037151131502,15:29:28.994657
83,100000,buy,2020-08-12,,100.0,,,,,,1.0144262701861004,15:29:29.734515
84,200000,buy,2020-08-12,25.0,75.0,,,,,,1.0147964078307947,15:29:31.127591
85,500000,buy,2020-08-12,50.0,50.0,,,,,,1.01543323675129,15:29:32.399662
86,1000000,buy,2020-08-12,59.0,41.0,,,,,,1.0163778059753688,15:29:33.266713
87,1500000,buy,2020-08-12,61.0,38.0,,,,,1.0,1.0173747838410998,15:29:34.291938
88,10000,sell,2020-08-12,50.0,,,,16.0,4.0,30.0,1.0156808138400695,15:29:35.185385
89,25000,sell,2020-08-12,80.0,,,,6.0,2.0,12.0,1.0148020497456776,15:29:36.546988
90,50000,sell,2020-08-12,80.0,,,,3.0,1.0,16.0,1.0144626286959069,15:29:38.345510
91,100000,sell,2020-08-12,73.0,,,17.0,2.0,,8.0,1.0142182231321077,15:29:39.645679
92,200000,sell,2020-08-12,79.0,,,9.0,1.0,,11.0,1.01395783708047,15:29:40.319066
93,500000,sell,2020-08-12,72.0,14.0,,6.0,,,8.0,1.0133603082162623,15:29:41.097703
94,1000000,sell,2020-08-12,68.0,25.0,,3.0,,,4.0,1.012633905518569,15:29:42.169629
95,1500000,sell,2020-08-12,63.0,32.0,,2.0,,,3.0,1.0139352710861274,15:29:42.914683
96,10000,buy,2020-08-12,,63.0,,,,37.0,,1.0167768934735992,15:30:44.275830
97,25000,buy,2020-08-12,20.0,64.0,,,,16.0,,1.0170668787186068,15:30:45.133749
98,50000,buy,2020-08-12,43.0,49.0,,,,8.0,,1.0172085797256016,15:30:45.921850
99,100000,buy,2020-08-12,55.0,41.0,,,,4.0,,1.0173521684146198,15:30:46.877948
100,200000,buy,2020-08-12,61.0,36.0,,,,3.0,,1.0175714350931389,15:30:48.266557
101,500000,buy,2020-08-12,65.0,34.0,,,,1.0,,1.0181940693773417,15:30:49.626576
102,1000000,buy,2020-08-12,64.0,31.0,,,,1.0,4.0,1.0192452072055513,15:30:50.379648
103,1500000,buy,2020-08-12,66.0,31.0,,,,1.0,2.0,1.0204171593948,15:30:51.693822
104,10000,sell,2020-08-12,75.0,,,,13.0,2.0,10.0,1.0170877998323193,15:30:52.465476
105,25000,sell,2020-08-12,90.0,,,,5.0,1.0,4.0,1.0166574101566999,15:30:53.269774
106,50000,sell,2020-08-12,82.0,13.0,,,3.0,,2.0,1.0164613634508208,15:30:54.075807
107,100000,sell,2020-08-12,75.0,23.0,,,1.0,,1.0,1.0162915656716045,15:30:55.533555
108,200000,sell,2020-08-12,70.0,28.0,,,1.0,,1.0,1.0160637961909214,15:30:56.323909
109,500000,sell,2020-08-12,68.0,31.0,,,,,1.0,1.0154867081623833,15:30:57.752724
110,1000000,sell,2020-08-12,64.0,31.0,,2.0,,,3.0,1.0146710133461612,15:30:58.531217
111,1500000,sell,2020-08-12,63.0,32.0,,2.0,,,3.0,1.0139457659398448,15:30:59.761243
112,10000,buy,2020-08-12,,100.0,,,,,,1.0171309004435647,15:32:00.593967
113,25000,buy,2020-08-12,33.0,67.0,,,,,,1.0171940794712377,15:32:01.672528
114,50000,buy,2020-08-12,50.0,50.0,,,,,,1.0172544281250016,15:32:02.984179
115,100000,buy,2020-08-12,59.0,41.0,,,,,,1.0173571387252887,15:32:04.094975
116,200000,buy,2020-08-12,63.0,37.0,,,,,,1.0175559067095163,15:32:05.440652
117,500000,buy,2020-08-12,65.0,34.0,,,,1.0,,1.0181642213013364,15:32:06.235918
118,1000000,buy,2020-08-12,64.0,31.0,,,,1.0,4.0,1.0192133917055366,15:32:06.967730
119,1500000,buy,2020-08-12,66.0,31.0,,,,1.0,2.0,1.020378979811495,15:32:07.771962
120,10000,sell,2020-08-12,75.0,,,,13.0,2.0,10.0,1.0170472694127928,15:32:09.193324
121,25000,sell,2020-08-12,90.0,,,,5.0,1.0,4.0,1.01660893048955,15:32:10.615098
122,50000,sell,2020-08-12,80.0,15.0,,,3.0,,2.0,1.0164119457049414,15:32:11.882841
123,100000,sell,2020-08-12,74.0,24.0,,,1.0,,1.0,1.0162420098696905,15:32:12.743729
124,200000,sell,2020-08-12,70.0,28.0,,,1.0,,1.0,1.0160154225190474,15:32:13.907138
125,500000,sell,2020-08-12,68.0,31.0,,,,,1.0,1.0154402162170872,15:32:14.742885
126,1000000,sell,2020-08-12,64.0,31.0,,2.0,,,3.0,1.014629279106204,15:32:16.124582
127,1500000,sell,2020-08-12,63.0,32.0,,2.0,,,3.0,1.0139066832613979,15:32:17.347493
128,10000,buy,2020-08-12,,100.0,,,,,,1.0171108886863258,15:33:19.747504
129,25000,buy,2020-08-12,33.0,67.0,,,,,,1.01717412412595,15:33:20.544251
130,50000,buy,2020-08-12,50.0,50.0,,,,,,1.0172344640555415,15:33:21.405973
131,100000,buy,2020-08-12,59.0,41.0,,,,,,1.0173370673980158,15:33:22.806525
132,200000,buy,2020-08-12,63.0,37.0,,,,,,1.0175355617748145,15:33:23.965156
133,500000,buy,2020-08-12,66.0,34.0,,,,,,1.0181461570128012,15:33:25.362705
134,1000000,buy,2020-08-12,67.0,33.0,,,,,,1.0192434253253588,15:33:27.164129
135,1500000,buy,2020-08-12,67.0,32.0,,,,1.0,,1.0204564789760113,15:33:28.433722
136,10000,sell,2020-08-12,71.0,,,,19.0,,10.0,1.0176433685592146,15:33:29.379421
137,25000,sell,2020-08-12,89.0,,,,7.0,,4.0,1.0168367688331408,15:33:30.190160
138,50000,sell,2020-08-12,80.0,14.0,,,4.0,,2.0,1.0165211368260336,15:33:31.024892
139,100000,sell,2020-08-12,73.0,24.0,,,2.0,,1.0,1.0162919963623005,15:33:31.827635
140,200000,sell,2020-08-12,70.0,28.0,,,1.0,,1.0,1.0160358269165488,15:33:32.588391
141,500000,sell,2020-08-12,68.0,32.0,,,,,,1.0154133205161444,15:33:33.336150
142,1000000,sell,2020-08-12,66.0,32.0,,2.0,,,,1.014589103325288,15:33:34.128898
143,1500000,sell,2020-08-12,65.0,33.0,,2.0,,,,1.013838061230644,15:33:35.590430
144,10000,buy,2020-08-12,,100.0,,,,,,1.0171108872027754,15:34:36.917662
145,25000,buy,2020-08-12,27.0,73.0,,,,,,1.017182133267589,15:34:38.677149
146,50000,buy,2020-08-12,47.0,53.0,,,,,,1.017247478437374,15:34:40.168158
147,100000,buy,2020-08-12,57.0,43.0,,,,,,1.0173526021654087,15:34:40.917068
148,200000,buy,2020-08-12,62.0,38.0,,,,,,1.0175524417744743,15:34:42.262875
149,500000,buy,2020-08-12,66.0,34.0,,,,,,1.0181641073289531,15:34:43.578265
150,1000000,buy,2020-08-12,64.0,32.0,,,,,4.0,1.019227656366822,15:34:44.985518
151,1500000,buy,2020-08-12,66.0,31.0,,,,1.0,2.0,1.0203980703604743,15:34:46.237556
152,10000,sell,2020-08-12,71.0,,,,19.0,,10.0,1.017662376826811,15:34:47.630480
153,25000,sell,2020-08-12,89.0,,,,7.0,,4.0,1.016860580236294,15:34:48.942690
154,50000,sell,2020-08-12,83.0,11.0,,,4.0,,2.0,1.0165428800419098,15:34:50.270177
155,100000,sell,2020-08-12,75.0,22.0,,,2.0,,1.0,1.016311797845659,15:34:51.514513
156,200000,sell,2020-08-12,71.0,27.0,,,1.0,,1.0,1.0160544754114609,15:34:52.302386
157,500000,sell,2020-08-12,68.0,31.0,,,,,1.0,1.0154422485577752,15:34:53.174478
158,1000000,sell,2020-08-12,63.0,31.0,,2.0,,,4.0,1.0146502334774796,15:34:54.127697
159,1500000,sell,2020-08-12,63.0,32.0,,2.0,,,3.0,1.013925247008621,15:34:55.469941
160,10000,buy,2020-08-12,,100.0,,,,,,1.017077997965447,15:35:56.346794
161,25000,buy,2020-08-12,19.0,81.0,,,,,,1.0171569023795928,15:35:57.657350
162,50000,buy,2020-08-12,43.0,57.0,,,,,,1.0172297424859151,15:35:58.574820
163,100000,buy,2020-08-12,54.0,45.0,,,,1.0,,1.017338138291054,15:35:59.368774
164,200000,buy,2020-08-12,61.0,38.0,,,,1.0,,1.0175386781285922,15:36:00.703515
165,500000,buy,2020-08-12,64.0,35.0,,,,1.0,,1.018147194978444,15:36:01.495353
166,1000000,buy,2020-08-12,63.0,32.0,,,,1.0,4.0,1.0192039767595762,15:36:02.201822
167,1500000,buy,2020-08-12,65.0,32.0,,,,1.0,2.0,1.0203639483681908,15:36:03.554925
168,10000,sell,2020-08-12,87.0,,,,3.0,,10.0,1.0164599164322987,15:36:04.337368
169,25000,sell,2020-08-12,95.0,,,,1.0,,4.0,1.0163757065057373,15:36:05.712854
170,50000,sell,2020-08-12,89.0,8.0,,,1.0,,2.0,1.0162929799045417,15:36:06.316963
171,100000,sell,2020-08-12,78.0,21.0,,,,,1.0,1.0161746092968107,15:36:07.807324
172,200000,sell,2020-08-12,72.0,27.0,,,,,1.0,1.015977392955347,15:36:09.266899
173,500000,sell,2020-08-12,68.0,31.0,,,,,1.0,1.0154334507626608,15:36:10.196120
174,1000000,sell,2020-08-12,63.0,31.0,,2.0,,,4.0,1.0146419199916739,15:36:10.847205
175,1500000,sell,2020-08-12,63.0,32.0,,2.0,,,3.0,1.0139171752176228,15:36:11.691599
176,10000,buy,2020-08-12,,100.0,,,,,,1.0170841539020739,15:37:12.952439
177,25000,buy,2020-08-12,36.0,64.0,,,,,,1.017142107572607,15:37:14.756543
178,50000,buy,2020-08-12,52.0,48.0,,,,,,1.017199843881306,15:37:16.184175
179,100000,buy,2020-08-12,60.0,40.0,,,,,,1.0173008689607903,15:37:16.994912
180,200000,buy,2020-08-12,63.0,37.0,,,,,,1.0174980188331928,15:37:18.322828
181,500000,buy,2020-08-12,66.0,34.0,,,,,,1.018105757754037,15:37:19.688929
182,1000000,buy,2020-08-12,64.0,32.0,,,,,4.0,1.019167197344697,15:37:20.431932
183,1500000,buy,2020-08-12,66.0,32.0,,,,,2.0,1.020333989267362,15:37:21.521416
184,10000,sell,2020-08-12,90.0,,,,,,10.0,1.0163613353219751,15:37:22.793731
185,25000,sell,2020-08-12,95.0,1.0,,,,,4.0,1.0162946449080186,15:37:23.676459
186,50000,sell,2020-08-12,81.0,17.0,,,,,2.0,1.0162281657226127,15:37:24.971669
187,100000,sell,2020-08-12,74.0,25.0,,,,,1.0,1.016123973562241,15:37:26.229354
188,200000,sell,2020-08-12,70.0,29.0,,,,,1.0,1.0159311020562891,15:37:27.573392
189,500000,sell,2020-08-12,67.0,32.0,,,,,1.0,1.0153912393088629,15:37:28.798426
190,1000000,sell,2020-08-12,63.0,31.0,,2.0,,,4.0,1.0146051191405445,15:37:30.251543
191,1500000,sell,2020-08-12,63.0,32.0,,2.0,,,3.0,1.0138825751561467,15:37:30.989494
192,10000,buy,2020-08-12,,100.0,,,,,,1.014892795080162,15:38:31.965962
193,25000,buy,2020-08-12,,100.0,,,,,,1.0149629229552557,15:38:32.681734
194,50000,buy,2020-08-12,,100.0,,,,,,1.0150812814191437,15:38:34.158258
195,100000,buy,2020-08-12,,100.0,,,,,,1.0153237014609702,15:38:35.448846
196,200000,buy,2020-08-12,,100.0,,,,,,1.0158326587343594,15:38:36.241593
197,500000,buy,2020-08-12,38.0,62.0,,,,,,1.0168962799954793,15:38:37.213281
198,1000000,buy,2020-08-12,52.0,47.0,,,,,1.0,1.0180835667060846,15:38:38.740791
199,1500000,buy,2020-08-12,57.0,41.0,,,,,2.0,1.0192238691559834,15:38:39.441566
200,10000,sell,2020-08-12,,,,,14.0,86.0,,1.0204472244749776,15:38:40.678171
201,25000,sell,2020-08-12,50.0,,,,6.0,44.0,,1.0179944940857002,15:38:41.988752
202,50000,sell,2020-08-12,75.0,,,,3.0,22.0,,1.0170717916142507,15:38:42.820485
203,100000,sell,2020-08-12,86.0,,,,2.0,12.0,,1.0165027699763285,15:38:44.266022
204,200000,sell,2020-08-12,92.0,,,,1.0,7.0,,1.0160722771268067,15:38:45.627585
205,500000,sell,2020-08-12,88.0,2.0,,3.0,,3.0,4.0,1.0151291971224752,15:38:46.418333
206,1000000,sell,2020-08-12,74.0,17.0,,3.0,,2.0,4.0,1.0141963051538467,15:38:47.150098
207,1500000,sell,2020-08-12,71.0,23.0,,2.0,,1.0,3.0,1.0134098516487657,15:38:47.902857
208,10000,buy,2020-08-12,,100.0,,,,,,1.0168554499837943,17:04:06.985785
209,25000,buy,2020-08-12,,100.0,,,,,,1.0169294552275934,17:04:08.339292
210,50000,buy,2020-08-12,,100.0,,,,,,1.0170542516885654,17:04:09.163028
211,100000,buy,2020-08-12,,100.0,,,,,,1.017309442946268,17:04:09.959772
212,200000,buy,2020-08-12,6.0,94.0,,,,,,1.017837394133647,17:04:11.188379
213,500000,buy,2020-08-12,41.0,58.0,,,,,1.0,1.0187915029417742,17:04:12.595592
214,1000000,buy,2020-08-12,51.0,45.0,,,,,4.0,1.0199374585929923,17:04:13.984049
215,1500000,buy,2020-08-12,57.0,41.0,,,,,2.0,1.021168492990604,17:04:14.820425
216,10000,sell,2020-08-12,100.0,,,,,,,1.0178917335310398,17:04:15.582824
217,25000,sell,2020-08-12,100.0,,,,,,,1.0178448040121844,17:04:16.915973
218,50000,sell,2020-08-12,100.0,,,,,,,1.0177670002758346,17:04:17.674989
219,100000,sell,2020-08-12,100.0,,,,,,,1.0176129183617624,17:04:18.472051
220,200000,sell,2020-08-12,100.0,,,,,,,1.0173107058328548,17:04:19.271029
221,500000,sell,2020-08-12,88.0,12.0,,,,,,1.0165062209613658,17:04:20.638760
222,1000000,sell,2020-08-12,74.0,24.0,,1.0,,,1.0,1.015553868803127,17:04:21.299567
223,1500000,sell,2020-08-12,68.0,27.0,,2.0,,,3.0,1.014781967404072,17:04:22.588654
224,10000,buy,2020-08-12,,100.0,,,,,,1.0168087062198783,17:05:06.487966
225,25000,buy,2020-08-12,,100.0,,,,,,1.0168823492381713,17:05:07.835745
226,50000,buy,2020-08-12,,100.0,,,,,,1.0170065319256234,17:05:09.950168
227,100000,buy,2020-08-12,,100.0,,,,,,1.017260456607345,17:05:11.305079
228,200000,buy,2020-08-12,4.0,96.0,,,,,,1.0177885974998675,17:05:12.114964
229,500000,buy,2020-08-12,40.0,59.0,,,,,1.0,1.01876000035806,17:05:13.634366
230,1000000,buy,2020-08-12,51.0,45.0,,,,,4.0,1.0199110275237753,17:05:14.986422
231,1500000,buy,2020-08-12,56.0,42.0,,,,,2.0,1.0211417219167978,17:05:15.836504
232,10000,sell,2020-08-12,96.0,,,,,4.0,,1.0179523081627777,17:05:16.586677
233,25000,sell,2020-08-12,99.0,,,,,1.0,,1.0178687086406855,17:05:18.084563
234,50000,sell,2020-08-12,99.0,,,,,1.0,,1.0177803348717587,17:05:19.195519
235,100000,sell,2020-08-12,100.0,,,,,,,1.0176136452434243,17:05:20.463694
236,200000,sell,2020-08-12,100.0,,,,,,,1.0173114205440734,17:05:21.856942
237,500000,sell,2020-08-12,88.0,12.0,,,,,,1.0165014204514382,17:05:23.266458
238,1000000,sell,2020-08-12,75.0,24.0,,1.0,,,,1.0155354816244064,17:05:24.675413
239,1500000,sell,2020-08-12,70.0,28.0,,2.0,,,,1.0147370420353712,17:05:25.643759
240,10000,buy,2020-08-12,,100.0,,,,,,1.0168087061163629,17:05:26.971422
241,25000,buy,2020-08-12,,100.0,,,,,,1.016882349133892,17:05:27.554260
242,50000,buy,2020-08-12,,100.0,,,,,,1.0170065318200492,17:05:28.924534
243,100000,buy,2020-08-12,,100.0,,,,,,1.0172604564991004,17:05:30.325648
244,200000,buy,2020-08-12,4.0,96.0,,,,,,1.0177885973909393,17:05:31.335787
245,500000,buy,2020-08-12,40.0,59.0,,,,,1.0,1.0187600002873176,17:05:32.175241
246,1000000,buy,2020-08-12,51.0,45.0,,,,,4.0,1.019911027464977,17:05:33.297022
247,1500000,buy,2020-08-12,56.0,42.0,,,,,2.0,1.021141721855818,17:05:34.065855
248,10000,sell,2020-08-12,96.0,,,,,4.0,,1.0179523081627777,17:05:35.512947
249,25000,sell,2020-08-12,99.0,,,,,1.0,,1.0178687086406855,17:05:36.229928
250,50000,sell,2020-08-12,99.0,,,,,1.0,,1.0177803348717587,17:05:38.240990
251,100000,sell,2020-08-12,100.0,,,,,,,1.0176136452434243,17:05:39.045155
252,200000,sell,2020-08-12,100.0,,,,,,,1.0173114205440734,17:05:39.896829
253,500000,sell,2020-08-12,88.0,12.0,,,,,,1.0165014204394485,17:05:41.132355
254,1000000,sell,2020-08-12,74.0,24.0,,1.0,,,1.0,1.0155369938710372,17:05:42.524423
255,1500000,sell,2020-08-12,69.0,28.0,,2.0,,,1.0,1.0147487635079464,17:05:43.238243
256,10000,buy,2020-08-12,,100.0,,,,,,1.0168192977173962,17:06:27.145197
257,25000,buy,2020-08-12,,100.0,,,,,,1.0168929324431257,17:06:28.037808
258,50000,buy,2020-08-12,,100.0,,,,,,1.017017100013242,17:06:28.683680
259,100000,buy,2020-08-12,,100.0,,,,,,1.0172709893551024,17:06:30.043407
260,200000,buy,2020-08-12,4.0,96.0,,,,,,1.0177990515888513,17:06:30.794945
261,500000,buy,2020-08-12,40.0,59.0,,,,,1.0,1.0187704198757956,17:06:32.283937
262,1000000,buy,2020-08-12,51.0,45.0,,,,,4.0,1.0199212758789573,17:06:34.001541
263,1500000,buy,2020-08-12,56.0,42.0,,,,,2.0,1.0211522942384548,17:06:34.749847
264,10000,sell,2020-08-12,94.0,,,,2.0,4.0,,1.0179768434951464,17:06:35.454927
265,25000,sell,2020-08-12,98.0,,,,1.0,1.0,,1.0178854968145044,17:06:36.848832
266,50000,sell,2020-08-12,99.0,,,,,1.0,,1.017790746312521,17:06:38.001484
267,100000,sell,2020-08-12,100.0,,,,,,,1.0176241012608729,17:06:38.649500
268,200000,sell,2020-08-12,100.0,,,,,,,1.0173217594478539,17:06:40.050521
269,500000,sell,2020-08-12,88.0,12.0,,,,,,1.0165115577257138,17:06:41.417821
270,1000000,sell,2020-08-12,74.0,24.0,,1.0,,,1.0,1.0155542543130716,17:06:42.789830
271,1500000,sell,2020-08-12,68.0,27.0,,2.0,,,3.0,1.0147814449932158,17:06:44.004644
272,10000,buy,2020-08-12,,100.0,,,,,,1.0168192973246197,17:06:44.707021
273,25000,buy,2020-08-12,,100.0,,,,,,1.0168929320474491,17:06:45.928976
274,50000,buy,2020-08-12,,100.0,,,,,,1.017017099612654,17:06:46.683666
275,100000,buy,2020-08-12,,100.0,,,,,,1.0172709889443843,17:06:47.392919
276,200000,buy,2020-08-12,4.0,96.0,,,,,,1.0177990511755446,17:06:47.950722
277,500000,buy,2020-08-12,40.0,59.0,,,,,1.0,1.0187704196073821,17:06:48.706069
278,1000000,buy,2020-08-12,51.0,45.0,,,,,4.0,1.0199212756558682,17:06:49.948559
279,1500000,buy,2020-08-12,56.0,42.0,,,,,2.0,1.0211522942384548,17:06:50.800071
280,10000,sell,2020-08-12,94.0,,,,2.0,4.0,,1.0179768434951464,17:06:51.701866
281,25000,sell,2020-08-12,97.0,,,,2.0,1.0,,1.0179184975572908,17:06:53.194463
282,50000,sell,2020-08-12,98.0,,,,1.0,1.0,,1.0178119541089528,17:06:54.417784
283,100000,sell,2020-08-12,99.0,,,,1.0,,,1.0176304589270977,17:06:55.073931
284,200000,sell,2020-08-12,100.0,,,,,,,1.0173217594478539,17:06:56.366208
285,500000,sell,2020-08-12,88.0,12.0,,,,,,1.0165115577257138,17:06:57.237898
286,1000000,sell,2020-08-12,74.0,24.0,,1.0,,,1.0,1.0155542543130716,17:06:58.528373
287,1500000,sell,2020-08-12,68.0,27.0,,2.0,,,3.0,1.0147814449932158,17:06:59.824436
288,10000,buy,2020-08-12,,100.0,,,,,,1.0168203068855262,17:07:44.828921
289,25000,buy,2020-08-12,,100.0,,,,,,1.0168939460543451,17:07:45.511554
290,50000,buy,2020-08-12,,100.0,,,,,,1.017018121113564,17:07:46.358791
291,100000,buy,2020-08-12,,100.0,,,,,,1.017272025756297,17:07:47.077164
292,200000,buy,2020-08-12,4.0,96.0,,,,,,1.0178000747731997,17:07:48.422421
293,500000,buy,2020-08-12,40.0,59.0,,,,,1.0,1.018771069727471,17:07:49.027344
294,1000000,buy,2020-08-12,51.0,45.0,,,,,4.0,1.019921797230208,17:07:50.483334
295,1500000,buy,2020-08-12,56.0,42.0,,,,,2.0,1.0211528117919302,17:07:51.821062
296,10000,sell,2020-08-12,95.0,,,,5.0,,,1.0179967989072476,17:07:52.562975
297,25000,sell,2020-08-12,98.0,,,,2.0,,,1.0178954654482968,17:07:53.815737
298,50000,sell,2020-08-12,99.0,,,,1.0,,,1.0177994879944956,17:07:54.560855
299,100000,sell,2020-08-12,99.0,,,,1.0,,,1.0176304589270977,17:07:55.315316
300,200000,sell,2020-08-12,100.0,,,,,,,1.0173217594478539,17:07:56.076555
301,500000,sell,2020-08-12,88.0,12.0,,,,,,1.01651167628038,17:07:57.433670
302,1000000,sell,2020-08-12,74.0,24.0,,1.0,,,1.0,1.0155544794259694,17:07:58.707951
303,1500000,sell,2020-08-12,68.0,27.0,,2.0,,,3.0,1.0147816870117907,17:08:00.239970
304,10000,buy,2020-08-12,,100.0,,,,,,1.0168203068855262,17:08:01.584898
305,25000,buy,2020-08-12,,100.0,,,,,,1.0168939460543451,17:08:02.749888
306,50000,buy,2020-08-12,,100.0,,,,,,1.017018121113564,17:08:03.617989
307,100000,buy,2020-08-12,,100.0,,,,,,1.017272025756297,17:08:04.394937
308,200000,buy,2020-08-12,4.0,96.0,,,,,,1.0178000747731997,17:08:05.462936
309,500000,buy,2020-08-12,40.0,59.0,,,,,1.0,1.018771069727471,17:08:06.831714
310,1000000,buy,2020-08-12,53.0,47.0,,,,,,1.0199929599877162,17:08:08.162518
311,1500000,buy,2020-08-12,57.0,42.0,,1.0,,,,1.0212440814862223,17:08:09.052954
312,10000,sell,2020-08-12,95.0,,,,5.0,,,1.0179967989072476,17:08:10.366533
313,25000,sell,2020-08-12,98.0,,,,2.0,,,1.0178954654482968,17:08:11.339221
314,50000,sell,2020-08-12,99.0,,,,1.0,,,1.0177994879944956,17:08:11.998008
315,100000,sell,2020-08-12,99.0,,,,1.0,,,1.0176304589270977,17:08:12.778759
316,200000,sell,2020-08-12,100.0,,,,,,,1.0173217594478539,17:08:14.086340
317,500000,sell,2020-08-12,88.0,12.0,,,,,,1.01651167628038,17:08:15.376926
318,1000000,sell,2020-08-12,74.0,24.0,,1.0,,,1.0,1.0155544794259694,17:08:16.709499
319,1500000,sell,2020-08-12,68.0,27.0,,2.0,,,3.0,1.0147816870117907,17:08:17.850133
320,10000,buy,2020-08-12,,100.0,,,,,,1.0168203047990065,17:09:01.834754
321,25000,buy,2020-08-12,,100.0,,,,,,1.0168499935595074,17:09:03.306802
322,50000,buy,2020-08-12,,100.0,,,,,,1.0169736738591637,17:09:04.604001
323,100000,buy,2020-08-12,,100.0,,,,,,1.0172265595541705,17:09:05.618643
324,200000,buy,2020-08-12,3.0,97.0,,,,,,1.0177855949358126,17:09:06.577815
325,500000,buy,2020-08-12,40.0,59.0,,,,,1.0,1.0187678734936103,17:09:07.321124
326,1000000,buy,2020-08-12,51.0,45.0,,,,,4.0,1.0199271622574493,17:09:08.317335
327,1500000,buy,2020-08-12,56.0,42.0,,,,,2.0,1.0211559839644628,17:09:09.223445
328,10000,sell,2020-08-12,95.0,,,,5.0,,,1.0180127551927876,17:09:10.659025
329,25000,sell,2020-08-12,98.0,,,,2.0,,,1.017911897054431,17:09:12.123861
330,50000,sell,2020-08-12,99.0,,,,1.0,,,1.0178160394909306,17:09:14.050741
331,100000,sell,2020-08-12,99.0,,,,1.0,,,1.0176469169511357,17:09:14.783648
332,200000,sell,2020-08-12,100.0,,,,,,,1.017338195667138,17:09:16.171317
333,500000,sell,2020-08-12,88.0,12.0,,,,,,1.0165242283685116,17:09:17.000801
334,1000000,sell,2020-08-12,75.0,23.0,,1.0,,,1.0,1.0155634601890107,17:09:18.149072
335,1500000,sell,2020-08-12,68.0,27.0,,2.0,,,3.0,1.0147893092850029,17:09:18.719807
336,10000,buy,2020-08-12,,100.0,,,,,,1.0168067354078343,17:09:19.451038
337,25000,buy,2020-08-12,,100.0,,,,,,1.0168814298034166,17:09:20.206923
338,50000,buy,2020-08-12,,100.0,,,,,,1.017005340894142,17:09:21.630697
339,100000,buy,2020-08-12,,100.0,,,,,,1.017258698121753,17:09:22.881891
340,200000,buy,2020-08-12,3.0,97.0,,,,,,1.017787093568871,17:09:24.232795
341,500000,buy,2020-08-12,40.0,59.0,,,,,1.0,1.018772218112089,17:09:25.001668
342,1000000,buy,2020-08-12,50.0,46.0,,,,,4.0,1.0199325515852262,17:09:26.280395
343,1500000,buy,2020-08-12,56.0,42.0,,,,,2.0,1.0211621784997678,17:09:27.100505
344,10000,sell,2020-08-12,95.0,,,,5.0,,,1.018020938007693,17:09:28.179682
345,25000,sell,2020-08-12,98.0,,,,2.0,,,1.0179203166751765,17:09:29.397648
346,50000,sell,2020-08-12,99.0,,,,1.0,,,1.017824508851159,17:09:30.968956
347,100000,sell,2020-08-12,99.0,,,,1.0,,,1.0176553153779608,17:09:31.834697
348,200000,sell,2020-08-12,100.0,,,,,,,1.0173465355464237,17:09:33.344005
349,500000,sell,2020-08-12,88.0,12.0,,,,,,1.016532819334256,17:09:34.162016
350,1000000,sell,2020-08-12,75.0,23.0,,1.0,,,1.0,1.0155717577467207,17:09:35.515944
351,1500000,sell,2020-08-12,68.0,27.0,,2.0,,,3.0,1.0147969261783436,17:09:37.095914
352,10000,buy,2020-08-12,,100.0,,,,,,1.0168064016553844,17:10:20.154889
353,25000,buy,2020-08-12,,100.0,,,,,,1.016879874994683,17:10:21.609705
354,50000,buy,2020-08-12,,100.0,,,,,,1.0170037683866997,17:10:22.890989
355,100000,buy,2020-08-12,,100.0,,,,,,1.0172570891527275,17:10:23.638394
356,200000,buy,2020-08-12,3.0,97.0,,,,,,1.0177855859914424,17:10:24.381137
357,500000,buy,2020-08-12,40.0,59.0,,,,,1.0,1.0187739148655461,17:10:24.990993
358,1000000,buy,2020-08-12,51.0,46.0,,,,,3.0,1.0199478683266718,17:10:25.897153
359,1500000,buy,2020-08-12,56.0,42.0,,,,,2.0,1.021165410112721,17:10:27.395672
360,10000,sell,2020-08-12,95.0,,,,5.0,,,1.0180248488492776,17:10:28.784002
361,25000,sell,2020-08-12,98.0,,,,2.0,,,1.0179243406942269,17:10:30.111865
362,50000,sell,2020-08-12,99.0,,,,1.0,,,1.0178285566424021,17:10:31.459859
363,100000,sell,2020-08-12,99.0,,,,1.0,,,1.0176593292678016,17:10:32.173883
364,200000,sell,2020-08-12,100.0,,,,,,,1.0173505214545269,17:10:32.822047
365,500000,sell,2020-08-12,89.0,11.0,,,,,,1.0165347228133303,17:10:34.102013
366,1000000,sell,2020-08-12,75.0,23.0,,1.0,,,1.0,1.0155665219771608,17:10:35.633797
367,1500000,sell,2020-08-12,69.0,27.0,,2.0,,,2.0,1.0147869260184026,17:10:36.757012
368,10000,buy,2020-08-12,,100.0,,,,,,1.016806400872888,17:10:37.875932
369,25000,buy,2020-08-12,,100.0,,,,,,1.016879874206414,17:10:39.206671
370,50000,buy,2020-08-12,,100.0,,,,,,1.0170037675886519,17:10:40.585690
371,100000,buy,2020-08-12,,100.0,,,,,,1.017257088334513,17:10:41.883501
372,200000,buy,2020-08-12,3.0,97.0,,,,,,1.0177855851586748,17:10:43.099004
373,500000,buy,2020-08-12,40.0,59.0,,,,,1.0,1.0187739143308463,17:10:44.363766
374,1000000,buy,2020-08-12,60.0,37.0,,,,,3.0,1.0208230748971623,17:10:45.225734
375,1500000,buy,2020-08-12,60.0,34.0,,4.0,,,2.0,1.0220401295661898,17:10:46.580749
376,10000,sell,2020-08-12,95.0,,,,5.0,,,1.018184945242759,17:10:47.849476
377,25000,sell,2020-08-12,98.0,,,,2.0,,,1.018088961869689,17:10:48.710716
378,50000,sell,2020-08-12,99.0,,,,1.0,,,1.0179939705615426,17:10:49.248868
379,100000,sell,2020-08-12,99.0,,,,1.0,,,1.0178230114361668,17:10:50.548632
380,200000,sell,2020-08-12,84.0,16.0,,,,,,1.0175573734235446,17:10:51.787894
381,500000,sell,2020-08-12,72.0,28.0,,,,,,1.0169458085873415,17:10:52.428753
382,1000000,sell,2020-08-12,68.0,32.0,,,,,,1.0160431732366701,17:10:53.774898
383,1500000,sell,2020-08-12,64.0,32.0,,2.0,,,2.0,1.0152514511139934,17:10:54.986071
384,10000,buy,2020-08-12,,100.0,,,,,,1.0183370694124465,17:11:37.856562
385,25000,buy,2020-08-12,,100.0,,,,,,1.0184209769387402,17:11:39.181855
386,50000,buy,2020-08-12,,100.0,,,,,,1.0185625371004616,17:11:39.857990
387,100000,buy,2020-08-12,27.0,73.0,,,,,,1.0187845700016778,17:11:41.249038
388,200000,buy,2020-08-12,46.0,54.0,,,,,,1.0190533719646584,17:11:42.354187
389,500000,buy,2020-08-12,56.0,41.0,,,,,3.0,1.019721889796934,17:11:44.061039
390,1000000,buy,2020-08-12,60.0,37.0,,,,,3.0,1.0208250038058564,17:11:45.165929
391,1500000,buy,2020-08-12,60.0,34.0,,4.0,,,2.0,1.0220404663707205,17:11:45.950028
392,10000,sell,2020-08-12,,,100.0,,,,,1.0201036682391906,17:11:47.315878
393,25000,sell,2020-08-12,98.0,,,,2.0,,,1.0180840926723562,17:11:47.913634
394,50000,sell,2020-08-12,99.0,,,,1.0,,,1.017989079561932,17:11:48.865458
395,100000,sell,2020-08-12,99.0,,,,1.0,,,1.017818174816015,17:11:50.082465
396,200000,sell,2020-08-12,83.0,17.0,,,,,,1.0175541592439026,17:11:51.168552
397,500000,sell,2020-08-12,72.0,28.0,,,,,,1.0169438470444836,17:11:52.590375
398,1000000,sell,2020-08-12,67.0,32.0,,,,,1.0,1.0160457483532639,17:11:53.308473
399,1500000,sell,2020-08-12,63.0,32.0,,2.0,,,3.0,1.0152554979762078,17:11:54.037627
400,10000,buy,2020-08-12,,100.0,,,,,,1.0183370694124465,17:11:56.110457
401,25000,buy,2020-08-12,,100.0,,,,,,1.0184209769387402,17:11:57.413327
402,50000,buy,2020-08-12,,100.0,,,,,,1.0185625371004616,17:11:58.757827
403,100000,buy,2020-08-12,27.0,73.0,,,,,,1.0187845700016778,17:11:59.463490
404,200000,buy,2020-08-12,46.0,54.0,,,,,,1.0190533719646584,17:12:00.759534
405,500000,buy,2020-08-12,56.0,41.0,,,,,3.0,1.019721889796934,17:12:01.602815
406,1000000,buy,2020-08-12,60.0,37.0,,,,,3.0,1.0208250038058564,17:12:02.589318
407,1500000,buy,2020-08-12,60.0,34.0,,4.0,,,2.0,1.0220404663707205,17:12:03.470105
408,10000,sell,2020-08-12,,,79.0,,,21.0,,1.0202387854054231,17:12:04.985470
409,25000,sell,2020-08-12,75.0,,,,2.0,23.0,,1.0184744152260015,17:12:05.758327
410,50000,sell,2020-08-12,87.0,,,,1.0,12.0,,1.0182051016543392,17:12:06.598471
411,100000,sell,2020-08-12,93.0,,,,1.0,6.0,,1.0179470818891845,17:12:07.808462
412,200000,sell,2020-08-12,81.0,15.0,,,,4.0,,1.0176340209148806,17:12:08.488675
413,500000,sell,2020-08-12,71.0,27.0,,,,2.0,,1.0169955638622126,17:12:09.816424
414,1000000,sell,2020-08-12,67.0,31.0,,,,1.0,1.0,1.0160892317371009,17:12:10.373698
415,1500000,sell,2020-08-12,63.0,32.0,,2.0,,1.0,2.0,1.0152967958585202,17:12:11.207569
416,10000,buy,2020-08-12,,100.0,,,,,,1.018337067770653,17:12:55.424338
417,25000,buy,2020-08-12,,100.0,,,,,,1.0184209752843627,17:12:56.181302
418,50000,buy,2020-08-12,,100.0,,,,,,1.018562535424755,17:12:57.674801
419,100000,buy,2020-08-12,21.0,79.0,,,,,,1.0188115598101286,17:12:59.006923
420,200000,buy,2020-08-12,43.0,56.0,,,,,1.0,1.0191032781009948,17:12:59.727974
421,500000,buy,2020-08-12,54.0,42.0,,,,,4.0,1.0197747018027672,17:13:00.492255
422,1000000,buy,2020-08-12,59.0,37.0,,,,,4.0,1.0208705074024127,17:13:01.360134
423,1500000,buy,2020-08-12,59.0,35.0,,4.0,,,2.0,1.022113902706707,17:13:03.076909
424,10000,sell,2020-08-12,,,100.0,,,,,1.0211176878279282,17:13:04.536994
425,25000,sell,2020-08-12,98.0,,,,2.0,,,1.0181925696342358,17:13:05.852654
426,50000,sell,2020-08-12,99.0,,,,1.0,,,1.018098166585138,17:13:07.223919
427,100000,sell,2020-08-12,99.0,,,,1.0,,,1.0179262916336456,17:13:08.040431
428,200000,sell,2020-08-12,87.0,13.0,,,,,,1.017645786376764,17:13:08.757155
429,500000,sell,2020-08-12,73.0,27.0,,,,,,1.0170195637002322,17:13:10.106722
430,1000000,sell,2020-08-12,68.0,31.0,,,,,1.0,1.0161126054829566,17:13:10.778507
431,1500000,sell,2020-08-12,64.0,32.0,,2.0,,,2.0,1.0153154034177205,17:13:11.597245
432,10000,buy,2020-08-12,,100.0,,,,,,1.018337066866477,17:13:12.601923
433,25000,buy,2020-08-12,,100.0,,,,,,1.0184209743732566,17:13:13.585608
434,50000,buy,2020-08-12,,100.0,,,,,,1.0185625345019016,17:13:14.358360
435,100000,buy,2020-08-12,21.0,79.0,,,,,,1.0188115590699414,17:13:15.591964
436,200000,buy,2020-08-12,43.0,56.0,,,,,1.0,1.0191032775670779,17:13:16.318731
437,500000,buy,2020-08-12,54.0,42.0,,,,,4.0,1.0197747013807466,17:13:17.408384
438,1000000,buy,2020-08-12,59.0,37.0,,,,,4.0,1.020870506995834,17:13:18.723963
439,1500000,buy,2020-08-12,59.0,35.0,,4.0,,,2.0,1.022113902706707,17:13:20.166500
440,10000,sell,2020-08-12,95.0,,,,5.0,,,1.0182856533663076,17:13:20.878272
441,25000,sell,2020-08-12,98.0,,,,2.0,,,1.0181925696342358,17:13:21.574050
442,50000,sell,2020-08-12,99.0,,,,1.0,,,1.018098166585138,17:13:22.392786
443,100000,sell,2020-08-12,99.0,,,,1.0,,,1.0179262916336456,17:13:23.227518
444,200000,sell,2020-08-12,87.0,13.0,,,,,,1.017645786376764,17:13:23.908301
445,500000,sell,2020-08-12,73.0,27.0,,,,,,1.0170195637002322,17:13:24.807014
446,1000000,sell,2020-08-12,68.0,31.0,,,,,1.0,1.0161126054829566,17:13:26.101599
447,1500000,sell,2020-08-12,64.0,32.0,,2.0,,,2.0,1.0153154034177205,17:13:27.194251
448,10000,buy,2020-08-12,,100.0,,,,,,1.018332839049072,17:14:13.098648
449,25000,buy,2020-08-12,,100.0,,,,,,1.0184167274280438,17:14:14.520901
450,50000,buy,2020-08-12,,100.0,,,,,,1.0185582552998997,17:14:15.195779
451,100000,buy,2020-08-12,19.0,81.0,,,,,,1.0188168538392035,17:14:16.424404
452,200000,buy,2020-08-12,42.0,57.0,,,,,1.0,1.0191164947813645,17:14:17.148920
453,500000,buy,2020-08-12,54.0,42.0,,,,,4.0,1.0197926752846742,17:14:17.813029
454,1000000,buy,2020-08-12,59.0,37.0,,,,,4.0,1.0208911575868214,17:14:19.182089
455,1500000,buy,2020-08-12,59.0,35.0,,4.0,,,2.0,1.0221354490487649,17:14:19.907837
456,10000,sell,2020-08-12,100.0,,,,,,,1.0182406431983526,17:14:21.149985
457,25000,sell,2020-08-12,100.0,,,,,,,1.0181927398419306,17:14:22.392178
458,50000,sell,2020-08-12,100.0,,,,,,,1.0181133249010983,17:14:22.957989
459,100000,sell,2020-08-12,100.0,,,,,,,1.0179560643739127,17:14:23.824563
460,200000,sell,2020-08-12,88.0,12.0,,,,,,1.0176741786083854,17:14:24.958528
461,500000,sell,2020-08-12,74.0,26.0,,,,,,1.0170427069677432,17:14:26.128235
462,1000000,sell,2020-08-12,69.0,31.0,,,,,,1.0161297993576777,17:14:26.801436
463,1500000,sell,2020-08-12,65.0,33.0,,2.0,,,,1.0153151980330701,17:14:28.059353
464,10000,buy,2020-08-12,,100.0,,,,,,1.018335244931856,17:14:29.293974
465,25000,buy,2020-08-12,,100.0,,,,,,1.0184191443485877,17:14:30.076612
466,50000,buy,2020-08-12,,100.0,,,,,,1.0185606908335574,17:14:30.856749
467,100000,buy,2020-08-12,19.0,81.0,,,,,,1.0188168538392035,17:14:32.120413
468,200000,buy,2020-08-12,42.0,57.0,,,,,1.0,1.0191214264235295,17:14:32.880672
469,500000,buy,2020-08-12,54.0,42.0,,,,,4.0,1.0197964224087321,17:14:34.350143
470,1000000,buy,2020-08-12,59.0,37.0,,,,,4.0,1.0208946379255848,17:14:35.587859
471,1500000,buy,2020-08-12,59.0,35.0,,4.0,,,2.0,1.0221389234680647,17:14:36.911849
472,10000,sell,2020-08-12,100.0,,,,,,,1.0182406431983526,17:14:38.297179
473,25000,sell,2020-08-12,100.0,,,,,,,1.0181927398419306,17:14:39.030285
474,50000,sell,2020-08-12,100.0,,,,,,,1.0181133249010983,17:14:40.265842
475,100000,sell,2020-08-12,100.0,,,,,,,1.0179560643739127,17:14:41.456282
476,200000,sell,2020-08-12,87.0,13.0,,,,,,1.0176752470998658,17:14:43.357662
477,500000,sell,2020-08-12,74.0,26.0,,,,,,1.0170447909405043,17:14:44.165829
478,1000000,sell,2020-08-12,69.0,31.0,,,,,,1.0161321557506757,17:14:45.344478
479,1500000,sell,2020-08-12,65.0,33.0,,2.0,,,,1.0153175799010008,17:14:46.063044
480,10000,buy,2020-08-12,,100.0,,,,,,1.0183228004011404,17:15:28.798634
481,25000,buy,2020-08-12,,100.0,,,,,,1.0184065317491646,17:15:29.426657
482,50000,buy,2020-08-12,,100.0,,,,,,1.0185477924179942,17:15:30.951644
483,100000,buy,2020-08-12,18.0,82.0,,,,,,1.0188060828323862,17:15:31.686659
484,200000,buy,2020-08-12,41.0,58.0,,,,,1.0,1.0191085818182446,17:15:32.593423
485,500000,buy,2020-08-12,53.0,43.0,,,,,4.0,1.019786374197726,17:15:34.253700
486,1000000,buy,2020-08-12,58.0,38.0,,,,,4.0,1.0208847077393262,17:15:34.925499
487,1500000,buy,2020-08-12,59.0,35.0,,4.0,,,2.0,1.0221284300800446,17:15:36.254076
488,10000,sell,2020-08-12,100.0,,,,,,,1.0182406431983526,17:15:37.811374
489,25000,sell,2020-08-12,100.0,,,,,,,1.0181927398419306,17:15:39.045043
490,50000,sell,2020-08-12,100.0,,,,,,,1.0181133249010983,17:15:39.967747
491,100000,sell,2020-08-12,100.0,,,,,,,1.0179560643739127,17:15:40.672520
492,200000,sell,2020-08-12,88.0,12.0,,,,,,1.0176727317701737,17:15:41.613308
493,500000,sell,2020-08-12,74.0,26.0,,,,,,1.0170398591260943,17:15:42.186124
494,1000000,sell,2020-08-12,68.0,31.0,,,,,1.0,1.0161309343014213,17:15:43.330648
495,1500000,sell,2020-08-12,64.0,32.0,,2.0,,,2.0,1.0153293480069718,17:15:44.055822
496,10000,buy,2020-08-12,,100.0,,,,,,1.0183228004011404,17:15:46.781949
497,25000,buy,2020-08-12,,100.0,,,,,,1.0184065317491646,17:15:48.443086
498,50000,buy,2020-08-12,,100.0,,,,,,1.0185477919089954,17:15:49.289831
499,100000,buy,2020-08-12,19.0,81.0,,,,,,1.0188197109569022,17:15:49.984054
500,200000,buy,2020-08-12,42.0,57.0,,,,,1.0,1.0191185265809768,17:15:50.623735
501,500000,buy,2020-08-12,54.0,42.0,,,,,4.0,1.0197942190688156,17:15:51.295531
502,1000000,buy,2020-08-12,59.0,37.0,,,,,4.0,1.0208925914512406,17:15:52.577530
503,1500000,buy,2020-08-12,59.0,35.0,,4.0,,,2.0,1.022136880467363,17:15:53.289907
504,10000,sell,2020-08-12,90.0,,,,10.0,,,1.018583598671,17:15:54.055226
505,25000,sell,2020-08-12,96.0,,,,4.0,,,1.0183337461228137,17:15:54.848729
506,50000,sell,2020-08-12,98.0,,,,2.0,,,1.0181869894428088,17:15:56.199720
507,100000,sell,2020-08-12,99.0,,,,1.0,,,1.0179960113486997,17:15:56.911771
508,200000,sell,2020-08-12,87.0,12.0,,,1.0,,,1.0176830920040554,17:15:57.666543
509,500000,sell,2020-08-12,74.0,26.0,,,,,,1.017043565552611,17:15:58.906627
510,1000000,sell,2020-08-12,68.0,31.0,,,,,1.0,1.0161347965850287,17:16:00.210582
511,1500000,sell,2020-08-12,64.0,32.0,,2.0,,,2.0,1.0153326380467316,17:16:01.506855
512,10000,buy,2020-08-12,,100.0,,,,,,1.0183227977888407,17:16:44.823233
513,25000,buy,2020-08-12,,100.0,,,,,,1.0184065291168696,17:16:45.432050
514,50000,buy,2020-08-12,,100.0,,,,,,1.018547789751808,17:16:46.716747
515,100000,buy,2020-08-12,9.0,91.0,,,,,,1.0188287065610973,17:16:47.478904
516,200000,buy,2020-08-12,35.0,62.0,,,,,3.0,1.0191723214699546,17:16:48.217650
517,500000,buy,2020-08-12,51.0,44.0,,,,,5.0,1.0198751771695087,17:16:49.632892
518,1000000,buy,2020-08-12,58.0,38.0,,,,,4.0,1.0209895308609729,17:16:50.410809
519,1500000,buy,2020-08-12,58.0,36.0,,4.0,,,2.0,1.0222416186611383,17:16:51.714675
520,10000,sell,2020-08-12,,,100.0,,,,,1.0209746582959178,17:16:52.505648
521,25000,sell,2020-08-12,100.0,,,,,,,1.018354426700851,17:16:53.132353
522,50000,sell,2020-08-12,100.0,,,,,,,1.0182742900308972,17:16:54.426265
523,100000,sell,2020-08-12,100.0,,,,,,,1.0181156063063117,17:16:55.754357
524,200000,sell,2020-08-12,92.0,8.0,,,,,,1.0178144675105514,17:16:56.572426
525,500000,sell,2020-08-12,75.0,24.0,,,,1.0,,1.0171546172602268,17:16:57.553835
526,1000000,sell,2020-08-12,68.0,30.0,,,,1.0,1.0,1.0162328579384925,17:16:58.850573
527,1500000,sell,2020-08-12,65.0,31.0,,1.0,,1.0,2.0,1.015465986657767,17:17:00.128532
528,10000,buy,2020-08-12,,100.0,,,,,,1.0183227969339066,17:17:03.670452
529,25000,buy,2020-08-12,,100.0,,,,,,1.0184065282553918,17:17:05.222693
530,50000,buy,2020-08-12,,100.0,,,,,,1.0185477888792385,17:17:05.827749
531,100000,buy,2020-08-12,9.0,91.0,,,,,,1.0188287057499648,17:17:06.639940
532,200000,buy,2020-08-12,35.0,62.0,,,,,3.0,1.019172320907514,17:17:07.308340
533,500000,buy,2020-08-12,51.0,44.0,,,,,5.0,1.0198751767492085,17:17:08.534692
534,1000000,buy,2020-08-12,58.0,38.0,,,,,4.0,1.0209895304639272,17:17:09.694263
535,1500000,buy,2020-08-12,58.0,36.0,,4.0,,,2.0,1.0222416184083503,17:17:10.310854
536,10000,sell,2020-08-12,,,60.0,,,40.0,,1.020434818768353,17:17:11.151922
537,25000,sell,2020-08-12,73.0,,,,,27.0,,1.0189047207827182,17:17:12.408967
538,50000,sell,2020-08-12,86.0,,,,,14.0,,1.018571546181721,17:17:13.525832
539,100000,sell,2020-08-12,92.0,,,,,8.0,,1.018286794931847,17:17:14.192570
540,200000,sell,2020-08-12,90.0,6.0,,,,4.0,,1.0179211726529893,17:17:14.915339
541,500000,sell,2020-08-12,74.0,24.0,,,,2.0,,1.017217537117476,17:17:16.121067
542,1000000,sell,2020-08-12,68.0,30.0,,,,1.0,1.0,1.016278554955731,17:17:17.421944
543,1500000,sell,2020-08-12,65.0,31.0,,1.0,,1.0,2.0,1.0154659866109492,17:17:18.769645
544,10000,buy,2020-08-12,,100.0,,,,,,1.0183294970820047,17:18:00.800373
545,25000,buy,2020-08-12,,100.0,,,,,,1.0184132586657417,17:18:02.679120
546,50000,buy,2020-08-12,,100.0,,,,,,1.0185545703223275,17:18:03.950912
547,100000,buy,2020-08-12,,99.0,,,,,1.0,1.0188433166767097,17:18:05.259609
548,200000,buy,2020-08-12,31.0,66.0,,,,,3.0,1.0192343086110685,17:18:06.541976
549,500000,buy,2020-08-12,52.0,47.0,,,,,1.0,1.0199906758776638,17:18:07.191814
550,1000000,buy,2020-08-12,59.0,41.0,,,,,,1.0212221366133183,17:18:07.969674
551,1500000,buy,2020-08-12,59.0,37.0,,4.0,,,,1.0224781924862758,17:18:09.339227
552,10000,sell,2020-08-12,99.0,,,,,1.0,,1.0185739657645307,17:18:10.646806
553,25000,sell,2020-08-12,100.0,,,,,,,1.0185246549733187,17:18:11.945391
554,50000,sell,2020-08-12,100.0,,,,,,,1.0184436635150902,17:18:12.934075
555,100000,sell,2020-08-12,100.0,,,,,,,1.0182832948436675,17:18:14.003733
556,200000,sell,2020-08-12,97.0,3.0,,,,,,1.0179706421874704,17:18:14.716505
557,500000,sell,2020-08-12,77.0,23.0,,,,,,1.0172765714636471,17:18:16.104059
558,1000000,sell,2020-08-12,70.0,29.0,,,,,1.0,1.016336210819624,17:18:17.000774
559,1500000,sell,2020-08-12,66.0,31.0,,1.0,,,2.0,1.0155139847282244,17:18:18.393326
560,10000,buy,2020-08-12,,100.0,,,,,,1.018329496511783,17:18:20.013807
561,25000,buy,2020-08-12,,100.0,,,,,,1.0184132580911553,17:18:21.465341
562,50000,buy,2020-08-12,,100.0,,,,,,1.018554569740344,17:18:22.216101
563,100000,buy,2020-08-12,,99.0,,,,,1.0,1.018843316085727,17:18:22.952866
564,200000,buy,2020-08-12,30.0,67.0,,,,,3.0,1.019243129876765,17:18:23.805593
565,500000,buy,2020-08-12,52.0,47.0,,,,,1.0,1.0200058044805493,17:18:24.611335
566,1000000,buy,2020-08-12,59.0,41.0,,,,,,1.0212396274469413,17:18:25.462062
567,1500000,buy,2020-08-12,59.0,37.0,,4.0,,,,1.0224959783212844,17:18:27.020563
568,10000,sell,2020-08-12,100.0,,,,,,,1.0186021581640787,17:18:28.364132
569,25000,sell,2020-08-12,100.0,,,,,,,1.0185532756591218,17:18:29.696706
570,50000,sell,2020-08-12,100.0,,,,,,,1.0184722410874687,17:18:30.793354
571,100000,sell,2020-08-12,100.0,,,,,,,1.0183117866626112,17:18:31.802031
572,200000,sell,2020-08-12,98.0,2.0,,,,,,1.0179981533735927,17:18:32.596777
573,500000,sell,2020-08-12,78.0,22.0,,,,,,1.0172983763689505,17:18:33.311546
574,1000000,sell,2020-08-12,70.0,29.0,,,,,1.0,1.0163554718871015,17:18:34.066306
575,1500000,sell,2020-08-12,66.0,31.0,,1.0,,,2.0,1.0155318588718494,17:18:34.762083
576,10000,buy,2020-08-12,,100.0,,,,,,1.018329496511783,17:19:19.162998
577,25000,buy,2020-08-12,,100.0,,,,,,1.0184132580911553,17:19:20.005788
578,50000,buy,2020-08-12,,100.0,,,,,,1.018554569740344,17:19:21.369091
579,100000,buy,2020-08-12,,99.0,,,,,1.0,1.018843316085727,17:19:22.895613
580,200000,buy,2020-08-12,30.0,67.0,,,,,3.0,1.019243129876765,17:19:23.569311
581,500000,buy,2020-08-12,48.0,45.0,,,,,7.0,1.0199757333521342,17:19:24.337442
582,1000000,buy,2020-08-12,57.0,39.0,,,,,4.0,1.021116092960388,17:19:25.809560
583,1500000,buy,2020-08-12,58.0,36.0,,4.0,,,2.0,1.0223790970201847,17:19:27.080153
584,10000,sell,2020-08-12,,,100.0,,,,,1.019517313432334,17:19:27.636975
585,25000,sell,2020-08-12,100.0,,,,,,,1.0185532756591218,17:19:28.767613
586,50000,sell,2020-08-12,100.0,,,,,,,1.0184722410874687,17:19:29.746794
587,100000,sell,2020-08-12,100.0,,,,,,,1.0183117866626112,17:19:30.448867
588,200000,sell,2020-08-12,98.0,2.0,,,,,,1.0179981533735927,17:19:31.275598
589,500000,sell,2020-08-12,78.0,22.0,,,,,,1.0172983763689505,17:19:32.573801
590,1000000,sell,2020-08-12,70.0,29.0,,,,,1.0,1.0163554718871015,17:19:33.646094
591,1500000,sell,2020-08-12,66.0,31.0,,1.0,,,2.0,1.0155318588718494,17:19:34.952898
592,10000,buy,2020-08-12,,100.0,,,,,,1.018329496511783,17:19:36.676613
593,25000,buy,2020-08-12,,100.0,,,,,,1.0184132575405103,17:19:38.222146
594,50000,buy,2020-08-12,,100.0,,,,,,1.0185545691826094,17:19:39.573221
595,100000,buy,2020-08-12,,99.0,,,,,1.0,1.0188433155193684,17:19:40.863264
596,200000,buy,2020-08-12,30.0,67.0,,,,,3.0,1.0192431294862108,17:19:42.826272
597,500000,buy,2020-08-12,48.0,45.0,,,,,7.0,1.0199757330765968,17:19:43.729967
598,1000000,buy,2020-08-12,57.0,39.0,,,,,4.0,1.0211160926983933,17:19:45.141222
599,1500000,buy,2020-08-12,58.0,36.0,,4.0,,,2.0,1.02237909675572,17:19:46.003729
600,10000,sell,2020-08-12,,,100.0,,,,,1.019517313432334,17:19:47.283617
601,25000,sell,2020-08-12,100.0,,,,,,,1.0185532756591218,17:19:48.527503
602,50000,sell,2020-08-12,100.0,,,,,,,1.0184722410874687,17:19:49.720608
603,100000,sell,2020-08-12,100.0,,,,,,,1.0183117866626112,17:19:50.334525
604,200000,sell,2020-08-12,98.0,2.0,,,,,,1.0179981533627498,17:19:51.176382
605,500000,sell,2020-08-12,78.0,22.0,,,,,,1.0172983762559522,17:19:52.378836
606,1000000,sell,2020-08-12,70.0,29.0,,,,,1.0,1.0163554717506114,17:19:53.764575
607,1500000,sell,2020-08-12,66.0,31.0,,1.0,,,2.0,1.0155318587371842,17:19:55.040403
608,10000,buy,2020-08-12,,100.0,,,,,,1.018068085884814,17:20:35.887593
609,25000,buy,2020-08-12,,100.0,,,,,,1.0181499605563762,17:20:37.058465
610,50000,buy,2020-08-12,,100.0,,,,,,1.018288075566817,17:20:38.432127
611,100000,buy,2020-08-12,,100.0,,,,,,1.018570689461336,17:20:38.969491
612,200000,buy,2020-08-12,22.0,75.0,,,,,3.0,1.0190500965950304,17:20:40.281376
613,500000,buy,2020-08-12,46.0,49.0,,,,,5.0,1.0198456609718147,17:20:41.123653
614,1000000,buy,2020-08-12,55.0,41.0,,,,,4.0,1.0209982040019816,17:20:41.950788
615,1500000,buy,2020-08-12,57.0,37.0,,4.0,,,2.0,1.0222628866142867,17:20:42.671433
616,10000,sell,2020-08-12,100.0,,,,,,,1.0186202241754085,17:20:43.440951
617,25000,sell,2020-08-12,100.0,,,,,,,1.0185713095581879,17:20:44.191287
618,50000,sell,2020-08-12,100.0,,,,,,,1.018490221811586,17:20:45.534226
619,100000,sell,2020-08-12,100.0,,,,,,,1.018329662316998,17:20:46.639730
620,200000,sell,2020-08-12,100.0,,,,,,,1.0180148459384244,17:20:47.769010
621,500000,sell,2020-08-12,81.0,19.0,,,,,,1.0172611438626684,17:20:49.199813
622,1000000,sell,2020-08-12,71.0,28.0,,,,,1.0,1.0162711028035136,17:20:50.330402
623,1500000,sell,2020-08-12,67.0,29.0,,2.0,,,2.0,1.0154506904173595,17:20:51.186876
624,10000,buy,2020-08-12,,100.0,,,,,,1.01806884908144,17:20:56.334401
625,25000,buy,2020-08-12,,100.0,,,,,,1.0181507271683308,17:20:57.036664
626,50000,buy,2020-08-12,,100.0,,,,,,1.0182888479376244,17:20:58.411559
627,100000,buy,2020-08-12,,100.0,,,,,,1.0185714736061393,17:20:59.387678
628,200000,buy,2020-08-12,23.0,74.0,,,,,3.0,1.0190386119234633,17:21:00.675734
629,500000,buy,2020-08-12,46.0,49.0,,,,,5.0,1.0198209487538852,17:21:02.000646
630,1000000,buy,2020-08-12,56.0,41.0,,,,,3.0,1.0209961207706046,17:21:02.667162
631,1500000,buy,2020-08-12,57.0,37.0,,4.0,,,2.0,1.0222310152966747,17:21:03.412733
632,10000,sell,2020-08-12,100.0,,,,,,,1.0185674594876613,17:21:04.695058
633,25000,sell,2020-08-12,100.0,,,,,,,1.0185187343550015,17:21:05.970266
634,50000,sell,2020-08-12,100.0,,,,,,,1.0184379598752484,17:21:07.727892
635,100000,sell,2020-08-12,100.0,,,,,,,1.0182780175431005,17:21:08.997718
636,200000,sell,2020-08-12,100.0,,,,,,,1.0179643991827678,17:21:10.421766
637,500000,sell,2020-08-12,80.0,20.0,,,,,,1.0172225631157912,17:21:11.656892
638,1000000,sell,2020-08-12,71.0,28.0,,,,,1.0,1.0162715818443446,17:21:12.450981
639,1500000,sell,2020-08-12,66.0,30.0,,2.0,,,2.0,1.0154509747491542,17:21:14.518334
640,10000,buy,2020-08-12,,100.0,,,,,,1.018025986431752,17:21:51.942822
641,25000,buy,2020-08-12,,100.0,,,,,,1.0181075615974258,17:21:53.332352
642,50000,buy,2020-08-12,,100.0,,,,,,1.018245169285828,17:21:54.529036
643,100000,buy,2020-08-12,,100.0,,,,,,1.0185267369507724,17:21:55.289882
644,200000,buy,2020-08-12,25.0,74.0,,,,,1.0,1.0189939075007615,17:21:56.062975
645,500000,buy,2020-08-12,46.0,49.0,,,,,5.0,1.0197747231370038,17:21:56.969929
646,1000000,buy,2020-08-12,55.0,41.0,,,,,4.0,1.020914416767281,17:21:57.857499
647,1500000,buy,2020-08-12,57.0,37.0,,4.0,,,2.0,1.0221714635505244,17:21:59.110394
648,10000,sell,2020-08-12,86.0,,,,14.0,,,1.0192314375388016,17:22:00.412776
649,25000,sell,2020-08-12,94.0,,,,6.0,,,1.0187609739613048,17:22:02.210298
650,50000,sell,2020-08-12,97.0,,,,3.0,,,1.0185410322432646,17:22:03.670996
651,100000,sell,2020-08-12,99.0,,,,1.0,,,1.0183036071617273,17:22:04.394322
652,200000,sell,2020-08-12,99.0,,,,1.0,,,1.0179610548185452,17:22:05.137435
653,500000,sell,2020-08-12,80.0,20.0,,,,,,1.0171805841369566,17:22:05.901765
654,1000000,sell,2020-08-12,71.0,28.0,,,,,1.0,1.016233135623483,17:22:07.117222
655,1500000,sell,2020-08-12,67.0,29.0,,2.0,,,2.0,1.0154161529779362,17:22:07.824168
656,10000,buy,2020-08-12,,100.0,,,,,,1.018025986316126,17:22:15.978556
657,25000,buy,2020-08-12,,100.0,,,,,,1.0181075614809223,17:22:16.757508
658,50000,buy,2020-08-12,,100.0,,,,,,1.0182451691678374,17:22:17.443220
659,100000,buy,2020-08-12,,100.0,,,,,,1.0185267368297122,17:22:18.703109
660,200000,buy,2020-08-12,25.0,74.0,,,,,1.0,1.0189939074088694,17:22:19.406305
661,500000,buy,2020-08-12,46.0,49.0,,,,,5.0,1.0197747230728902,17:22:20.786750
662,1000000,buy,2020-08-12,55.0,41.0,,,,,4.0,1.020914416708435,17:22:21.368787
663,1500000,buy,2020-08-12,57.0,37.0,,4.0,,,2.0,1.0221714634926355,17:22:22.101213
664,10000,sell,2020-08-12,,,100.0,,,,,1.0200358603131576,17:22:23.216338
665,25000,sell,2020-08-12,100.0,,,,,,,1.0184724163098924,17:22:24.005511
666,50000,sell,2020-08-12,100.0,,,,,,,1.0183919480375208,17:22:24.581621
667,100000,sell,2020-08-12,100.0,,,,,,,1.0182326085618705,17:22:25.277697
668,200000,sell,2020-08-12,100.0,,,,,,,1.0179201589122888,17:22:26.547263
669,500000,sell,2020-08-12,80.0,20.0,,,,,,1.017180584115101,17:22:27.136234
670,1000000,sell,2020-08-12,71.0,28.0,,,,,1.0,1.0162331355954333,17:22:28.354238
671,1500000,sell,2020-08-12,67.0,29.0,,2.0,,,2.0,1.015416152950873,17:22:29.704339
672,10000,buy,2020-08-12,,100.0,,,,,,1.0180259854373204,17:23:09.219299
673,25000,buy,2020-08-12,,100.0,,,,,,1.0181075605954473,17:23:10.681047
674,50000,buy,2020-08-12,,100.0,,,,,,1.01824516827106,17:23:11.474793
675,100000,buy,2020-08-12,,100.0,,,,,,1.018526735909604,17:23:12.450480
676,200000,buy,2020-08-12,25.0,74.0,,,,,1.0,1.0189939067104505,17:23:13.564123
677,500000,buy,2020-08-12,46.0,49.0,,,,,5.0,1.0197747225856004,17:23:14.684765
678,1000000,buy,2020-08-12,55.0,41.0,,,,,4.0,1.02091441626118,17:23:15.989346
679,1500000,buy,2020-08-12,57.0,37.0,,4.0,,,2.0,1.022171463052657,17:23:16.833076
680,10000,sell,2020-08-12,,,100.0,,,,,1.0200358603131576,17:23:18.090674
681,25000,sell,2020-08-12,100.0,,,,,,,1.0184724163098924,17:23:19.307283
682,50000,sell,2020-08-12,100.0,,,,,,,1.0183919480375208,17:23:20.094032
683,100000,sell,2020-08-12,100.0,,,,,,,1.0182326085618705,17:23:20.919767
684,200000,sell,2020-08-12,100.0,,,,,,,1.0179201589122888,17:23:21.700516
685,500000,sell,2020-08-12,80.0,20.0,,,,,,1.0171805839489894,17:23:23.049087
686,1000000,sell,2020-08-12,71.0,28.0,,,,,1.0,1.0162331353822427,17:23:23.730869
687,1500000,sell,2020-08-12,67.0,29.0,,2.0,,,2.0,1.0154161527451793,17:23:24.832513
688,10000,buy,2020-08-12,,100.0,,,,,,1.0180259968809746,17:23:30.585671
689,25000,buy,2020-08-12,,100.0,,,,,,1.0181075916710416,17:23:32.034209
690,50000,buy,2020-08-12,,100.0,,,,,,1.018245232862171,17:23:33.359782
691,100000,buy,2020-08-12,,100.0,,,,,,1.01852687037134,17:23:34.251496
692,200000,buy,2020-08-12,25.0,74.0,,,,,1.0,1.018992258476381,17:23:34.985260
693,500000,buy,2020-08-12,46.0,49.0,,,,,5.0,1.0197714855803128,17:23:35.984942
694,1000000,buy,2020-08-12,55.0,41.0,,,,,4.0,1.0209103829672919,17:23:37.570433
695,1500000,buy,2020-08-12,57.0,37.0,,4.0,,,2.0,1.0221671251690794,17:23:38.523129
696,10000,sell,2020-08-12,,,100.0,,,,,1.020817418387017,17:23:39.315874
697,25000,sell,2020-08-12,100.0,,,,,,,1.0184653016131002,17:23:40.082628
698,50000,sell,2020-08-12,100.0,,,,,,,1.0183848636050459,17:23:41.367218
699,100000,sell,2020-08-12,100.0,,,,,,,1.0182255840614187,17:23:42.638810
700,200000,sell,2020-08-12,100.0,,,,,,,1.0179132519485332,17:23:43.266610
701,500000,sell,2020-08-12,80.0,20.0,,,,,,1.0171752144900703,17:23:44.136332
702,1000000,sell,2020-08-12,71.0,28.0,,,,,1.0,1.0162285387771555,17:23:44.885091
703,1500000,sell,2020-08-12,66.0,30.0,,2.0,,,2.0,1.015411997129968,17:23:46.067713
704,10000,buy,2020-08-12,,100.0,,,,,,1.0180021995565365,17:24:26.277484
705,25000,buy,2020-08-12,,100.0,,,,,,1.0180836299457872,17:24:27.637138
706,50000,buy,2020-08-12,,100.0,,,,,,1.0182209927296755,17:24:28.978566
707,100000,buy,2020-08-12,,100.0,,,,,,1.0185020566117367,17:24:29.869033
708,200000,buy,2020-08-12,24.0,75.0,,,,,1.0,1.0189733249107105,17:24:31.236593
709,500000,buy,2020-08-12,46.0,49.0,,,,,5.0,1.019758432966544,17:24:31.900380
710,1000000,buy,2020-08-12,55.0,41.0,,,,,4.0,1.0208984984271547,17:24:33.288308
711,1500000,buy,2020-08-12,57.0,37.0,,4.0,,,2.0,1.0221555192138583,17:24:34.074456
712,10000,sell,2020-08-12,,,71.0,,,29.0,,1.0210691407362538,17:24:34.687676
713,25000,sell,2020-08-12,72.0,,,,,28.0,,1.019045079521949,17:24:35.472445
714,50000,sell,2020-08-12,85.0,,,,,15.0,,1.0186972019660592,17:24:36.226780
715,100000,sell,2020-08-12,92.0,,,,,8.0,,1.0184055455119703,17:24:38.085044
716,200000,sell,2020-08-12,96.0,,,,,4.0,,1.0180277678727239,17:24:39.384634
717,500000,sell,2020-08-12,79.0,19.0,,,,2.0,,1.0172399132939351,17:24:40.719026
718,1000000,sell,2020-08-12,72.0,27.0,,,,1.0,,1.0162706463445104,17:24:41.999065
719,1500000,sell,2020-08-12,67.0,29.0,,2.0,,1.0,1.0,1.0154486826339242,17:24:43.738060
720,10000,buy,2020-08-12,,100.0,,,,,,1.0180021990487558,17:24:47.371758
721,25000,buy,2020-08-12,,100.0,,,,,,1.0180836294341544,17:24:48.069676
722,50000,buy,2020-08-12,,100.0,,,,,,1.018220992211514,17:24:48.801121
723,100000,buy,2020-08-12,,100.0,,,,,,1.0185020560800997,17:24:49.636851
724,200000,buy,2020-08-12,24.0,75.0,,,,,1.0,1.0189733245012906,17:24:50.370618
725,500000,buy,2020-08-12,46.0,49.0,,,,,5.0,1.0197605498466937,17:24:51.763521
726,1000000,buy,2020-08-12,55.0,41.0,,,,,4.0,1.0209003677111481,17:24:52.733180
727,1500000,buy,2020-08-12,57.0,37.0,,4.0,,,2.0,1.0221572925886784,17:24:53.977387
728,10000,sell,2020-08-12,,,49.0,,,51.0,,1.0215748818403065,17:24:54.948426
729,25000,sell,2020-08-12,63.0,,,,,37.0,,1.019458331275184,17:24:56.238491
730,50000,sell,2020-08-12,81.0,,,,,19.0,,1.0189111316871187,17:24:56.945634
731,100000,sell,2020-08-12,90.0,,,,,10.0,,1.0185192925854087,17:24:57.735588
732,200000,sell,2020-08-12,95.0,,,,,5.0,,1.0180907872635205,17:24:58.622010
733,500000,sell,2020-08-12,79.0,18.0,,,,3.0,,1.0172692841696316,17:24:59.355170
734,1000000,sell,2020-08-12,70.0,27.0,,,,2.0,1.0,1.0162938051312265,17:24:59.975237
735,1500000,sell,2020-08-12,66.0,29.0,,2.0,,1.0,2.0,1.015481040659914,17:25:00.734309
736,10000,buy,2020-08-12,,100.0,,,,,,1.0180062152022142,17:25:44.598806
737,25000,buy,2020-08-12,,100.0,,,,,,1.0180876635507465,17:25:45.423635
738,50000,buy,2020-08-12,,100.0,,,,,,1.0182250566170536,17:25:46.097009
739,100000,buy,2020-08-12,,100.0,,,,,,1.0185061824111348,17:25:47.377945
740,200000,buy,2020-08-12,23.0,77.0,,,,,,1.01899522147532,17:25:48.608297
741,500000,buy,2020-08-12,46.0,50.0,,,,,4.0,1.0197991450155983,17:25:49.373826
742,1000000,buy,2020-08-12,55.0,42.0,,,,,3.0,1.0209711074316674,17:25:50.156767
743,1500000,buy,2020-08-12,57.0,37.0,,4.0,,,2.0,1.0222087507146107,17:25:51.500713
744,10000,sell,2020-08-12,89.0,,,,,11.0,,1.0191937223868368,17:25:52.630536
745,25000,sell,2020-08-12,95.0,,,,,5.0,,1.0187824168516117,17:25:53.513683
746,50000,sell,2020-08-12,98.0,,,,,2.0,,1.0185827014834627,17:25:54.226747
747,100000,sell,2020-08-12,99.0,,,,,1.0,,1.0183632694596234,17:25:55.557402
748,200000,sell,2020-08-12,97.0,,,,,3.0,,1.0180301187218468,17:25:58.834102
749,500000,sell,2020-08-12,80.0,18.0,,,,2.0,,1.0172580303790075,17:25:59.964889
750,1000000,sell,2020-08-12,71.0,27.0,,,,1.0,1.0,1.0162994167544275,17:26:01.152854
751,1500000,sell,2020-08-12,67.0,29.0,,1.0,,1.0,2.0,1.0155018142996963,17:26:02.454252
752,10000,buy,2020-08-12,,100.0,,,,,,1.0180498540783864,17:26:04.007897
753,25000,buy,2020-08-12,,100.0,,,,,,1.0181315480169135,17:26:05.489104
754,50000,buy,2020-08-12,,100.0,,,,,,1.0182693561940943,17:26:06.251485
755,100000,buy,2020-08-12,,100.0,,,,,,1.0185513346070643,17:26:07.231212
756,200000,buy,2020-08-12,24.0,76.0,,,,,,1.0190292165446855,17:26:08.098584
757,500000,buy,2020-08-12,47.0,49.0,,,,,4.0,1.0198205905320774,17:26:09.388638
758,1000000,buy,2020-08-12,56.0,41.0,,,,,3.0,1.0209889891943553,17:26:10.146427
759,1500000,buy,2020-08-12,57.0,37.0,,4.0,,,2.0,1.0222253783675628,17:26:11.446056
760,10000,sell,2020-08-12,89.0,,,,,11.0,,1.0191891364008245,17:26:12.577614
761,25000,sell,2020-08-12,95.0,,,,,5.0,,1.0187775379030886,17:26:13.889360
762,50000,sell,2020-08-12,98.0,,,,,2.0,,1.018578267462368,17:26:14.564918
763,100000,sell,2020-08-12,99.0,,,,,1.0,,1.0183588408868702,17:26:15.308384
764,200000,sell,2020-08-12,99.0,,,,,1.0,,1.0180028539824633,17:26:16.058656
765,500000,sell,2020-08-12,80.0,19.0,,,,1.0,,1.0172481590979008,17:26:16.780986
766,1000000,sell,2020-08-12,71.0,27.0,,,,1.0,1.0,1.0162971782020729,17:26:18.141984
767,1500000,sell,2020-08-12,67.0,29.0,,1.0,,1.0,2.0,1.0154844248503223,17:26:18.701944
768,10000,buy,2020-08-12,,100.0,,,,,,1.0180498534641649,17:27:04.113298
769,25000,buy,2020-08-12,,100.0,,,,,,1.0181315473980217,17:27:04.888387
770,50000,buy,2020-08-12,,100.0,,,,,,1.0182693555672877,17:27:06.034389
771,100000,buy,2020-08-12,,100.0,,,,,,1.0185513339639196,17:27:07.527905
772,200000,buy,2020-08-12,24.0,75.0,,,,,1.0,1.0190276609623181,17:27:08.923395
773,500000,buy,2020-08-12,48.0,51.0,,,,,1.0,1.0198408896416178,17:27:10.250458
774,1000000,buy,2020-08-12,38.0,62.0,,,,,,1.0192268506819373,17:27:10.998493
775,1500000,buy,2020-08-12,48.0,52.0,,,,,,1.0206033242807004,17:27:12.253812
776,10000,sell,2020-08-12,89.0,,,,,11.0,,1.0191896583427889,17:27:13.784792
777,25000,sell,2020-08-12,95.0,,,,,5.0,,1.0187780936196187,17:27:15.097596
778,50000,sell,2020-08-12,98.0,,,,,2.0,,1.018578267462368,17:27:15.660673
779,100000,sell,2020-08-12,99.0,,,,,1.0,,1.0183588408868702,17:27:16.242740
780,200000,sell,2020-08-12,97.0,,,,,3.0,,1.0180367370858636,17:27:17.595682
781,500000,sell,2020-08-12,98.0,,,,,2.0,,1.017134362299614,17:27:18.377889
782,1000000,sell,2020-08-12,87.0,7.0,,2.0,,1.0,3.0,1.0158647088935526,17:27:19.685733
783,1500000,sell,2020-08-12,77.0,17.0,,2.0,,1.0,3.0,1.0149567813622542,17:27:20.979759
784,10000,buy,2020-08-12,,100.0,,,,,,1.0152486699164205,17:27:22.838161
785,25000,buy,2020-08-12,,100.0,,,,,,1.0153117748503973,17:27:23.477985
786,50000,buy,2020-08-12,,100.0,,,,,,1.0154181220298173,17:27:24.781749
787,100000,buy,2020-08-12,,100.0,,,,,,1.0156353225982557,17:27:26.430735
788,200000,buy,2020-08-12,39.0,61.0,,,,,,1.01811382717556,17:27:27.833575
789,500000,buy,2020-08-12,54.0,45.0,,,,,1.0,1.018777335335972,17:27:29.124420
790,1000000,buy,2020-08-12,60.0,40.0,,,,,,1.0198743290593077,17:27:29.844334
791,1500000,buy,2020-08-12,62.0,38.0,,,,,,1.0210647417637353,17:27:30.913059
792,10000,sell,2020-08-12,,,88.0,,,12.0,,1.0181555249407293,17:27:32.079854
793,25000,sell,2020-08-12,94.0,,,,1.0,5.0,,1.0175740175726125,17:27:32.966075
794,50000,sell,2020-08-12,97.0,,,,,3.0,,1.0173435054079925,17:27:34.352155
795,100000,sell,2020-08-12,99.0,,,,,1.0,,1.0171223840760923,17:27:35.134139
796,200000,sell,2020-08-12,90.0,9.0,,,,1.0,,1.0168046182172013,17:27:36.373591
797,500000,sell,2020-08-12,74.0,24.0,,,,1.0,1.0,1.0162373500103943,17:27:37.909809
798,1000000,sell,2020-08-12,66.0,29.0,,1.0,,1.0,3.0,1.0153945894501524,17:27:38.646949
799,1500000,sell,2020-08-12,63.0,31.0,,2.0,,1.0,3.0,1.0146596838628015,17:27:39.888992
800,10000,buy,2020-08-12,,100.0,,,,,,1.0173496879772919,17:28:22.304405
801,25000,buy,2020-08-12,,100.0,,,,,,1.0174264370288288,17:28:23.556004
802,50000,buy,2020-08-12,,100.0,,,,,,1.0175558703545342,17:28:24.555684
803,100000,buy,2020-08-12,7.0,93.0,,,,,,1.0178163675632657,17:28:25.269455
804,200000,buy,2020-08-12,36.0,64.0,,,,,,1.0181455068540421,17:28:26.565041
805,500000,buy,2020-08-12,53.0,46.0,,,,,1.0,1.0188249109066527,17:28:27.751660
806,1000000,buy,2020-08-12,57.0,39.0,,,,,4.0,1.0198728006198854,17:28:28.516415
807,1500000,buy,2020-08-12,61.0,37.0,,,,,2.0,1.0210430455814303,17:28:29.834992
808,10000,sell,2020-08-12,71.0,,,,17.0,12.0,,1.0192347240109327,17:28:30.527770
809,25000,sell,2020-08-12,88.0,,,,7.0,5.0,,1.018096671999734,17:28:31.806360
810,50000,sell,2020-08-12,93.0,,,,4.0,3.0,,1.0176482933514244,17:28:32.520132
811,100000,sell,2020-08-12,97.0,,,,2.0,1.0,,1.017322074161152,17:28:33.986662
812,200000,sell,2020-08-12,90.0,6.0,,,1.0,3.0,,1.016968280291987,17:28:34.589470
813,500000,sell,2020-08-12,74.0,24.0,,,,2.0,,1.0162644825917009,17:28:35.400209
814,1000000,sell,2020-08-12,66.0,29.0,,1.0,,1.0,3.0,1.0154201920324548,17:28:36.587829
815,1500000,sell,2020-08-12,63.0,31.0,,2.0,,1.0,3.0,1.0146937278156143,17:28:37.929399
816,10000,buy,2020-08-12,,100.0,,,,,,1.0173574702172785,17:28:40.620538
817,25000,buy,2020-08-12,,100.0,,,,,,1.0174342533127323,17:28:41.342306
818,50000,buy,2020-08-12,,100.0,,,,,,1.0175637440289966,17:28:42.658886
819,100000,buy,2020-08-12,8.0,92.0,,,,,,1.0178237778378467,17:28:43.929477
820,200000,buy,2020-08-12,36.0,64.0,,,,,,1.0181506658000246,17:28:45.201070
821,500000,buy,2020-08-12,53.0,46.0,,,,,1.0,1.0188287366871505,17:28:45.895847
822,1000000,buy,2020-08-12,57.0,39.0,,,,,4.0,1.0198762131540842,17:28:47.106460
823,1500000,buy,2020-08-12,61.0,37.0,,,,,2.0,1.0210464656900042,17:28:48.331069
824,10000,sell,2020-08-12,71.0,,,,17.0,12.0,,1.0192347240109327,17:28:49.046839
825,25000,sell,2020-08-12,88.0,,,,7.0,5.0,,1.018096671999734,17:28:50.316431
826,50000,sell,2020-08-12,93.0,,,,4.0,3.0,,1.0176482933514244,17:28:51.527044
827,100000,sell,2020-08-12,97.0,,,,2.0,1.0,,1.017322074161152,17:28:52.778643
828,200000,sell,2020-08-12,90.0,6.0,,,1.0,3.0,,1.0169687438042279,17:28:53.506410
829,500000,sell,2020-08-12,74.0,24.0,,,,2.0,,1.0162662787682992,17:28:54.637047
830,1000000,sell,2020-08-12,66.0,29.0,,1.0,,1.0,3.0,1.0154222608613843,17:28:55.855658
831,1500000,sell,2020-08-12,63.0,31.0,,2.0,,1.0,3.0,1.0146937276842345,17:28:56.665399
832,10000,buy,2020-08-12,,100.0,,,,,,1.0173042196225661,17:29:38.774911
833,25000,buy,2020-08-12,,100.0,,,,,,1.0173806381898605,17:29:40.233160
834,50000,buy,2020-08-12,,100.0,,,,,,1.0175095117379167,17:29:41.548209
835,100000,buy,2020-08-12,4.0,96.0,,,,,,1.0177714909941602,17:29:42.327571
836,200000,buy,2020-08-12,35.0,65.0,,,,,,1.0181130846692727,17:29:43.810598
837,500000,buy,2020-08-12,52.0,47.0,,,,,1.0,1.0187995212925909,17:29:44.562551
838,1000000,buy,2020-08-12,57.0,39.0,,,,,4.0,1.0198489979123069,17:29:45.356325
839,1500000,buy,2020-08-12,61.0,37.0,,,,,2.0,1.0210180336808137,17:29:46.692336
840,10000,sell,2020-08-12,88.0,,,,,12.0,,1.0181372950937115,17:29:48.075470
841,25000,sell,2020-08-12,95.0,,,,,5.0,,1.0176490993201348,17:29:48.828541
842,50000,sell,2020-08-12,97.0,,,,,3.0,,1.0174212503819204,17:29:49.487574
843,100000,sell,2020-08-12,99.0,,,,,1.0,,1.017200896351502,17:29:50.259826
844,200000,sell,2020-08-12,94.0,5.0,,,,1.0,,1.0168729473822613,17:29:51.556225
845,500000,sell,2020-08-12,75.0,23.0,,,,1.0,1.0,1.016218527216562,17:29:52.886880
846,1000000,sell,2020-08-12,67.0,29.0,,1.0,,1.0,2.0,1.0153764328583035,17:29:54.244975
847,1500000,sell,2020-08-12,64.0,31.0,,2.0,,,3.0,1.0146438836366227,17:29:54.996507
848,10000,buy,2020-08-12,,100.0,,,,,,1.0173042196225661,17:29:57.937887
849,25000,buy,2020-08-12,,100.0,,,,,,1.0173806381898605,17:29:59.353685
850,50000,buy,2020-08-12,,100.0,,,,,,1.0175095117379167,17:30:00.214337
851,100000,buy,2020-08-12,4.0,96.0,,,,,,1.0177714909941602,17:30:00.985709
852,200000,buy,2020-08-12,35.0,65.0,,,,,,1.0181130846692727,17:30:03.098870
853,500000,buy,2020-08-12,52.0,47.0,,,,,1.0,1.0187995212925909,17:30:03.957599
854,1000000,buy,2020-08-12,57.0,39.0,,,,,4.0,1.0198489979123069,17:30:05.382660
855,1500000,buy,2020-08-12,61.0,37.0,,,,,2.0,1.0210180336808137,17:30:07.034905
856,10000,sell,2020-08-12,59.0,,,,29.0,12.0,,1.0212379076830442,17:30:08.396008
857,25000,sell,2020-08-12,83.0,,,,12.0,5.0,,1.0188991190863244,17:30:09.232862
858,50000,sell,2020-08-12,91.0,,,,6.0,3.0,,1.0180550755225612,17:30:09.962195
859,100000,sell,2020-08-12,96.0,,,,3.0,1.0,,1.0175266727547863,17:30:11.179031
860,200000,sell,2020-08-12,92.0,5.0,,,2.0,1.0,,1.017027685366088,17:30:12.802731
861,500000,sell,2020-08-12,75.0,23.0,,,1.0,,1.0,1.0162666314803972,17:30:14.128070
862,1000000,sell,2020-08-12,68.0,29.0,,1.0,,,2.0,1.0153726546693822,17:30:15.421116
863,1500000,sell,2020-08-12,64.0,31.0,,2.0,,,3.0,1.0146438836366227,17:30:16.270095
864,10000,buy,2020-08-12,,100.0,,,,,,1.0173042195592634,17:30:56.243377
865,25000,buy,2020-08-12,,100.0,,,,,,1.0173806381260857,17:30:57.536898
866,50000,buy,2020-08-12,,100.0,,,,,,1.0175095116733424,17:30:58.357237
867,100000,buy,2020-08-12,4.0,96.0,,,,,,1.0177714909307127,17:30:59.333106
868,200000,buy,2020-08-12,24.0,76.0,,,,,,1.0181330002560527,17:31:00.096942
869,500000,buy,2020-08-12,51.0,49.0,,,,,,1.0187989524945407,17:31:00.850699
870,1000000,buy,2020-08-12,56.0,41.0,,,,,3.0,1.0198757381233396,17:31:01.672434
871,1500000,buy,2020-08-12,60.0,38.0,,,,,2.0,1.0210369511211819,17:31:02.821850
872,10000,sell,2020-08-12,95.0,,,,,5.0,,1.0176340131863415,17:31:03.854959
873,25000,sell,2020-08-12,98.0,,,,,2.0,,1.0175044351721196,17:31:04.534741
874,50000,sell,2020-08-12,99.0,,,,,1.0,,1.017401501462319,17:31:05.305493
875,100000,sell,2020-08-12,99.0,,,,,1.0,,1.0172321582561268,17:31:06.079247
876,200000,sell,2020-08-12,100.0,,,,,,,1.016931711603181,17:31:07.520012
877,500000,sell,2020-08-12,79.0,21.0,,,,,,1.016266885235229,17:31:09.017532
878,1000000,sell,2020-08-12,70.0,28.0,,1.0,,,1.0,1.0154005023148194,17:31:10.516400
879,1500000,sell,2020-08-12,66.0,31.0,,2.0,,,1.0,1.0146502364202117,17:31:11.448100
880,10000,buy,2020-08-12,,100.0,,,,,,1.0172004977711102,17:31:17.572169
881,25000,buy,2020-08-12,,100.0,,,,,,1.0172762076576949,17:31:18.818770
882,50000,buy,2020-08-12,,100.0,,,,,,1.01740388139827,17:31:19.731478
883,100000,buy,2020-08-12,,100.0,,,,,,1.0176649668064441,17:31:21.020037
884,200000,buy,2020-08-12,28.0,72.0,,,,,,1.0180694847408254,17:31:21.734808
885,500000,buy,2020-08-12,50.0,49.0,,,,,1.0,1.0187971424073081,17:31:22.511609
886,1000000,buy,2020-08-12,56.0,40.0,,,,,4.0,1.019859481187661,17:31:23.831184
887,1500000,buy,2020-08-12,60.0,38.0,,,,,2.0,1.0210323017427467,17:31:24.508969
888,10000,sell,2020-08-12,95.0,,,,,5.0,,1.0176340131863415,17:31:25.226692
889,25000,sell,2020-08-12,98.0,,,,,2.0,,1.0175044351721196,17:31:26.428308
890,50000,sell,2020-08-12,99.0,,,,,1.0,,1.017401501462319,17:31:27.815864
891,100000,sell,2020-08-12,99.0,,,,,1.0,,1.0172321582561268,17:31:29.166445
892,200000,sell,2020-08-12,100.0,,,,,,,1.016931711603181,17:31:30.378056
893,500000,sell,2020-08-12,79.0,21.0,,,,,,1.0162668674483093,17:31:31.626657
894,1000000,sell,2020-08-12,69.0,28.0,,1.0,,,2.0,1.015403200167399,17:31:32.327433
895,1500000,sell,2020-08-12,65.0,30.0,,2.0,,,3.0,1.0146690968196195,17:31:33.689238
896,10000,buy,2020-08-12,,100.0,,,,,,1.0172002768246677,17:32:12.947445
897,25000,buy,2020-08-12,,100.0,,,,,,1.0172759679532304,17:32:14.236033
898,50000,buy,2020-08-12,,100.0,,,,,,1.0174036097120236,17:32:15.573604
899,100000,buy,2020-08-12,,100.0,,,,,,1.0176646283559923,17:32:17.006936
900,200000,buy,2020-08-12,29.0,71.0,,,,,,1.0180666820969542,17:32:18.378049
901,500000,buy,2020-08-12,50.0,49.0,,,,,1.0,1.0187922708676176,17:32:19.109136
902,1000000,buy,2020-08-12,56.0,40.0,,,,,4.0,1.0198535838947789,17:32:20.382728
903,1500000,buy,2020-08-12,60.0,38.0,,,,,2.0,1.0210257817002546,17:32:21.177473
904,10000,sell,2020-08-12,95.0,,,,,5.0,,1.0176257966208317,17:32:22.557034
905,25000,sell,2020-08-12,98.0,,,,,2.0,,1.017495989296776,17:32:23.448748
906,50000,sell,2020-08-12,99.0,,,,,1.0,,1.0173930197536578,17:32:24.127528
907,100000,sell,2020-08-12,99.0,,,,,1.0,,1.0172237746727144,17:32:24.853297
908,200000,sell,2020-08-12,100.0,,,,,,,1.0169234392582522,17:32:26.396801
909,500000,sell,2020-08-12,78.0,21.0,,,,,1.0,1.0162606345977103,17:32:27.740791
910,1000000,sell,2020-08-12,69.0,28.0,,1.0,,,2.0,1.015398073594704,17:32:29.098824
911,1500000,sell,2020-08-12,65.0,30.0,,2.0,,,3.0,1.0146645400964505,17:32:29.705630
912,10000,buy,2020-08-12,,100.0,,,,,,1.0172002766576187,17:32:35.051584
913,25000,buy,2020-08-12,,100.0,,,,,,1.01727596778494,17:32:35.959293
914,50000,buy,2020-08-12,,100.0,,,,,,1.01740360954163,17:32:36.743042
915,100000,buy,2020-08-12,,100.0,,,,,,1.0176646281812598,17:32:38.004040
916,200000,buy,2020-08-12,29.0,71.0,,,,,,1.018066681970162,17:32:38.723011
917,500000,buy,2020-08-12,50.0,49.0,,,,,1.0,1.0187922707752455,17:32:39.406791
918,1000000,buy,2020-08-12,56.0,40.0,,,,,4.0,1.0198535838126936,17:32:40.928480
919,1500000,buy,2020-08-12,60.0,38.0,,,,,2.0,1.0210026192966932,17:32:41.665287
920,10000,sell,2020-08-12,,,,,,100.0,,1.0237596196938568,17:32:42.325245
921,25000,sell,2020-08-12,37.0,,,,,63.0,,1.020369923479697,17:32:43.226878
922,50000,sell,2020-08-12,68.0,,,,,32.0,,1.0188757330736342,17:32:44.613219
923,100000,sell,2020-08-12,84.0,,,,,16.0,,1.0180178207288217,17:32:45.549340
924,200000,sell,2020-08-12,91.0,,,,,9.0,,1.0173736994284768,17:32:46.894909
925,500000,sell,2020-08-12,77.0,19.0,,,,4.0,,1.0164711019357007,17:32:48.304457
926,1000000,sell,2020-08-12,69.0,27.0,,1.0,,2.0,1.0,1.0155264422040595,17:32:49.456087
927,1500000,sell,2020-08-12,64.0,29.0,,2.0,,2.0,3.0,1.0147592269541967,17:32:50.091883
928,10000,buy,2020-08-12,,100.0,,,,,,1.0171541906834438,17:33:30.443958
929,25000,buy,2020-08-12,,100.0,,,,,,1.0172295678233876,17:33:31.604585
930,50000,buy,2020-08-12,,100.0,,,,,,1.0173566780191219,17:33:32.843189
931,100000,buy,2020-08-12,,100.0,,,,,,1.017616601584021,17:33:34.118780
932,200000,buy,2020-08-12,25.0,75.0,,,,,,1.0180536074298199,17:33:34.849547
933,500000,buy,2020-08-12,48.0,51.0,,,,,1.0,1.018810727639356,17:33:36.253097
934,1000000,buy,2020-08-12,55.0,41.0,,,,,4.0,1.0198833512299883,17:33:38.044524
935,1500000,buy,2020-08-12,59.0,39.0,,,,,2.0,1.0210631424150212,17:33:38.602345
936,10000,sell,2020-08-12,95.0,,,,,5.0,,1.0177065836581844,17:33:39.958909
937,25000,sell,2020-08-12,98.0,,,,,2.0,,1.017579084630123,17:33:41.192515
938,50000,sell,2020-08-12,99.0,,,,,1.0,,1.0174765571615378,17:33:42.587069
939,100000,sell,2020-08-12,99.0,,,,,1.0,,1.0173065197194555,17:33:43.551759
940,200000,sell,2020-08-12,100.0,,,,,,,1.0170054322970299,17:33:44.881332
941,500000,sell,2020-08-12,80.0,19.0,,,,1.0,,1.0163164850147355,17:33:46.136931
942,1000000,sell,2020-08-12,70.0,27.0,,1.0,,1.0,1.0,1.0154416543964562,17:33:47.228580
943,1500000,sell,2020-08-12,65.0,29.0,,2.0,,1.0,3.0,1.0147003193093609,17:33:48.619136
944,10000,buy,2020-08-12,,100.0,,,,,,1.0171541906626582,17:33:50.959386
945,25000,buy,2020-08-12,,100.0,,,,,,1.0172295678024477,17:33:52.251973
946,50000,buy,2020-08-12,,100.0,,,,,,1.017356677340692,17:33:53.479580
947,100000,buy,2020-08-12,,100.0,,,,,,1.0176166008883392,17:33:54.204347
948,200000,buy,2020-08-12,25.0,75.0,,,,,,1.018046452918678,17:33:55.006090
949,500000,buy,2020-08-12,49.0,50.0,,,,,1.0,1.018796605086492,17:33:56.227699
950,1000000,buy,2020-08-12,55.0,41.0,,,,,4.0,1.0198671993357094,17:33:56.992520
951,1500000,buy,2020-08-12,59.0,39.0,,,,,2.0,1.0210454582672717,17:33:58.293159
952,10000,sell,2020-08-12,,,,,,100.0,,1.0212006539738903,17:33:59.573798
953,25000,sell,2020-08-12,55.0,,,,,45.0,,1.019014414913062,17:34:00.900848
954,50000,sell,2020-08-12,77.0,,,,,23.0,,1.0182127641116088,17:34:02.146447
955,100000,sell,2020-08-12,88.0,,,,,12.0,,1.0177013802165598,17:34:02.923200
956,200000,sell,2020-08-12,93.0,,,,,7.0,,1.0172280109881053,17:34:04.232188
957,500000,sell,2020-08-12,78.0,19.0,,,,3.0,,1.0164235975182192,17:34:05.198077
958,1000000,sell,2020-08-12,69.0,27.0,,1.0,,2.0,1.0,1.015508036373401,17:34:06.632759
959,1500000,sell,2020-08-12,65.0,29.0,,2.0,,1.0,3.0,1.0147533467892702,17:34:08.080216
960,10000,buy,2020-08-12,,100.0,,,,,,1.017154189353228,17:34:50.054770
961,25000,buy,2020-08-12,,100.0,,,,,,1.017229566483297,17:34:51.306020
962,50000,buy,2020-08-12,,100.0,,,,,,1.0173566766623034,17:34:52.005796
963,100000,buy,2020-08-12,,100.0,,,,,,1.0176166001926998,17:34:52.810185
964,200000,buy,2020-08-12,25.0,75.0,,,,,,1.018046452526731,17:34:53.548958
965,500000,buy,2020-08-12,49.0,50.0,,,,,1.0,1.0187966049940582,17:34:54.817562
966,1000000,buy,2020-08-12,55.0,41.0,,,,,4.0,1.0198671993226849,17:34:56.217656
967,1500000,buy,2020-08-12,59.0,39.0,,,,,2.0,1.0210454582671236,17:34:56.965431
968,10000,sell,2020-08-12,,,100.0,,,,,1.02254512613591,17:34:57.889237
969,25000,sell,2020-08-12,,,79.0,,,21.0,,1.0194935145822563,17:34:58.588265
970,50000,sell,2020-08-12,83.0,,,,,17.0,,1.0178276156813426,17:34:59.311033
971,100000,sell,2020-08-12,91.0,,,,,9.0,,1.0174991856962243,17:35:00.039800
972,200000,sell,2020-08-12,95.0,,,,,5.0,,1.017118904820797,17:35:00.824548
973,500000,sell,2020-08-12,80.0,18.0,,,,2.0,,1.0163579422583018,17:35:02.110041
974,1000000,sell,2020-08-12,70.0,27.0,,1.0,,1.0,1.0,1.0154573467069103,17:35:03.027745
975,1500000,sell,2020-08-12,65.0,29.0,,2.0,,1.0,3.0,1.0147173590240233,17:35:03.841485
976,10000,buy,2020-08-12,,100.0,,,,,,1.0170844961992846,17:35:09.441947
977,25000,buy,2020-08-12,,100.0,,,,,,1.0171593993433754,17:35:10.757523
978,50000,buy,2020-08-12,,100.0,,,,,,1.0172857071151111,17:35:11.590520
979,100000,buy,2020-08-12,,100.0,,,,,,1.0175439776809747,17:35:12.326284
980,200000,buy,2020-08-12,23.0,77.0,,,,,,1.0179901171595107,17:35:14.337013
981,500000,buy,2020-08-12,48.0,51.0,,,,,1.0,1.0187664335008866,17:35:15.122568
982,1000000,buy,2020-08-12,55.0,41.0,,,,,4.0,1.0198405114820233,17:35:16.523695
983,1500000,buy,2020-08-12,59.0,39.0,,,,,2.0,1.0210172982050456,17:35:17.786290
984,10000,sell,2020-08-12,,,74.0,,,26.0,,1.0202402253918421,17:35:18.710002
985,25000,sell,2020-08-12,72.0,,,,,28.0,,1.0180725688801642,17:35:19.535747
986,50000,sell,2020-08-12,86.0,,,,,14.0,,1.0177285261053817,17:35:20.274154
987,100000,sell,2020-08-12,92.0,,,,,8.0,,1.0174464513968917,17:35:21.595407
988,200000,sell,2020-08-12,96.0,,,,,4.0,,1.0170888228568924,17:35:22.822834
989,500000,sell,2020-08-12,79.0,19.0,,,,2.0,,1.0163483938060673,17:35:23.522625
990,1000000,sell,2020-08-12,70.0,27.0,,1.0,,1.0,1.0,1.0154552888272597,17:35:24.308388
991,1500000,sell,2020-08-12,65.0,29.0,,2.0,,1.0,3.0,1.0147154303621118,17:35:25.726934
992,10000,buy,2020-08-12,,100.0,,,,,,1.0171047364407142,17:36:05.641456
993,25000,buy,2020-08-12,,100.0,,,,,,1.017179718797815,17:36:06.784176
994,50000,buy,2020-08-12,,100.0,,,,,,1.017306159921763,17:36:07.735595
995,100000,buy,2020-08-12,,100.0,,,,,,1.0175647022873453,17:36:09.279172
996,200000,buy,2020-08-12,24.0,76.0,,,,,,1.0180061996174248,17:36:10.206327
997,500000,buy,2020-08-12,48.0,51.0,,,,,1.0,1.0187679891333272,17:36:10.834126
998,1000000,buy,2020-08-12,55.0,41.0,,,,,4.0,1.0198417753323414,17:36:12.463506
999,1500000,buy,2020-08-12,59.0,39.0,,,,,2.0,1.02101850912583,17:36:14.013024
1000,10000,sell,2020-08-12,,,34.0,,,66.0,,1.0213230982949633,17:36:15.761455
1001,25000,sell,2020-08-12,56.0,,,,,44.0,,1.0189174064813158,17:36:17.175868
1002,50000,sell,2020-08-12,78.0,,,,,22.0,,1.018162942014333,17:36:17.907929
1003,100000,sell,2020-08-12,88.0,,,,,12.0,,1.0176752813675505,17:36:18.569711
1004,200000,sell,2020-08-12,94.0,,,,,6.0,,1.0172147320719411,17:36:19.902285
1005,500000,sell,2020-08-12,79.0,18.0,,,,3.0,,1.0164083182909796,17:36:21.479151
1006,1000000,sell,2020-08-12,69.0,27.0,,1.0,,2.0,1.0,1.0154922198673701,17:36:22.622798
1007,1500000,sell,2020-08-12,65.0,29.0,,2.0,,1.0,3.0,1.0147397466185715,17:36:23.900388
1008,10000,buy,2020-08-12,,100.0,,,,,,1.0171047364407142,17:36:27.022315
1009,25000,buy,2020-08-12,,100.0,,,,,,1.017179718797815,17:36:27.727090
1010,50000,buy,2020-08-12,,100.0,,,,,,1.017306159921763,17:36:29.048666
1011,100000,buy,2020-08-12,,100.0,,,,,,1.0175647022873453,17:36:29.878402
1012,200000,buy,2020-08-12,24.0,76.0,,,,,,1.0180061996174248,17:36:30.838094
1013,500000,buy,2020-08-12,48.0,51.0,,,,,1.0,1.0187679891333272,17:36:31.618177
1014,1000000,buy,2020-08-12,55.0,41.0,,,,,4.0,1.0198417753323414,17:36:32.900412
1015,1500000,buy,2020-08-12,59.0,39.0,,,,,2.0,1.02101850912583,17:36:33.919087
1016,10000,sell,2020-08-12,,,34.0,,,66.0,,1.0213230982949633,17:36:35.280650
1017,25000,sell,2020-08-12,56.0,,,,,44.0,,1.0189174064813158,17:36:36.548243
1018,50000,sell,2020-08-12,78.0,,,,,22.0,,1.018162942014333,17:36:38.159727
1019,100000,sell,2020-08-12,87.0,,,,1.0,12.0,,1.0175170860779157,17:36:39.448223
1020,200000,sell,2020-08-12,94.0,,,,,6.0,,1.0170380651539792,17:36:40.175991
1021,500000,sell,2020-08-12,76.0,20.0,,,,3.0,1.0,1.0162679956052425,17:36:41.186666
1022,1000000,sell,2020-08-12,68.0,27.0,,1.0,,2.0,2.0,1.0153709245702498,17:36:41.751485
1023,1500000,sell,2020-08-12,64.0,30.0,,2.0,,1.0,3.0,1.014624469488303,17:36:43.017079
1024,10000,buy,2020-08-12,,100.0,,,,,,1.017105933496095,17:37:24.677734
1025,25000,buy,2020-08-12,,100.0,,,,,,1.0171809211257532,17:37:25.406898
1026,50000,buy,2020-08-12,,100.0,,,,,,1.0173073711369163,17:37:26.533538
1027,100000,buy,2020-08-12,,100.0,,,,,,1.017565931659799,17:37:27.920093
1028,200000,buy,2020-08-12,30.0,70.0,,,,,,1.0179455498211087,17:37:29.232672
1029,500000,buy,2020-08-12,50.0,49.0,,,,,1.0,1.0186582055509477,17:37:30.011422
1030,1000000,buy,2020-08-12,56.0,40.0,,,,,4.0,1.019712810095826,17:37:30.783175
1031,1500000,buy,2020-08-12,60.0,38.0,,,,,2.0,1.0208716644356763,17:37:32.095755
1032,10000,sell,2020-08-12,,,43.0,,,57.0,,1.0220676964830384,17:37:33.269156
1033,25000,sell,2020-08-12,,,54.0,,,46.0,,1.0192404978267695,17:37:34.519756
1034,50000,sell,2020-08-12,74.0,,,,1.0,25.0,,1.0181566200942886,17:37:35.901314
1035,100000,sell,2020-08-12,86.0,,,,1.0,13.0,,1.017571661351827,17:37:37.265876
1036,200000,sell,2020-08-12,93.0,,,,,7.0,,1.0170627567531367,17:37:38.692419
1037,500000,sell,2020-08-12,76.0,20.0,,,,3.0,1.0,1.0162731059649486,17:37:39.387241
1038,1000000,sell,2020-08-12,67.0,27.0,,2.0,,2.0,2.0,1.0153718746495812,17:37:39.976052
1039,1500000,sell,2020-08-12,64.0,30.0,,2.0,,1.0,3.0,1.0146207866901458,17:37:40.707818
1040,10000,buy,2020-08-12,,100.0,,,,,,1.0170989519408271,17:37:44.213694
1041,25000,buy,2020-08-12,,100.0,,,,,,1.0171738927725729,17:37:45.134400
1042,50000,buy,2020-08-12,,100.0,,,,,,1.0173002635694433,17:37:46.452977
1043,100000,buy,2020-08-12,,100.0,,,,,,1.0175586609475293,17:37:47.795621
1044,200000,buy,2020-08-12,30.0,70.0,,,,,,1.0179455495740866,17:37:48.413061
1045,500000,buy,2020-08-12,50.0,49.0,,,,,1.0,1.018658205368269,17:37:49.708298
1046,1000000,buy,2020-08-12,56.0,40.0,,,,,4.0,1.019712809933543,17:37:51.027321
1047,1500000,buy,2020-08-12,60.0,38.0,,,,,2.0,1.02087166426565,17:37:51.748718
1048,10000,sell,2020-08-12,,,59.0,,,41.0,,1.0215601708813378,17:37:52.495861
1049,25000,sell,2020-08-12,,,60.0,,,40.0,,1.0188264297279934,17:37:53.132058
1050,50000,sell,2020-08-12,77.0,,,,1.0,22.0,,1.0179316132676255,17:37:54.455249
1051,100000,sell,2020-08-12,88.0,,,,1.0,11.0,,1.0174542730270821,17:37:55.027420
1052,200000,sell,2020-08-12,94.0,,,,,6.0,,1.016999417431893,17:37:56.213730
1053,500000,sell,2020-08-12,76.0,20.0,,,,3.0,1.0,1.016244301301449,17:37:56.968896
1054,1000000,sell,2020-08-12,67.0,27.0,,2.0,,2.0,2.0,1.0153554187408809,17:37:58.430648
1055,1500000,sell,2020-08-12,64.0,30.0,,2.0,,1.0,3.0,1.0146194357065996,17:37:59.208463
1056,10000,buy,2020-08-12,,100.0,,,,,,1.0171042036553657,17:38:41.594884
1057,25000,buy,2020-08-12,,100.0,,,,,,1.017179167551875,17:38:42.909461
1058,50000,buy,2020-08-12,,100.0,,,,,,1.0173055772263606,17:38:44.206048
1059,100000,buy,2020-08-12,,100.0,,,,,,1.0175640540367235,17:38:45.456648
1060,200000,buy,2020-08-12,31.0,69.0,,,,,,1.0179424484581057,17:38:46.038461
1061,500000,buy,2020-08-12,51.0,48.0,,,,,1.0,1.0186487744179105,17:38:46.650265
1062,1000000,buy,2020-08-12,56.0,40.0,,,,,4.0,1.0197007976527388,17:38:47.962845
1063,1500000,buy,2020-08-12,60.0,38.0,,,,,2.0,1.0208573446901377,17:38:49.282422
1064,10000,sell,2020-08-12,,,59.0,,,41.0,,1.021560713405279,17:38:50.525023
1065,25000,sell,2020-08-12,,,60.0,,,40.0,,1.0188269965404668,17:38:51.832606
1066,50000,sell,2020-08-12,77.0,,,,1.0,22.0,,1.0179145994006804,17:38:53.062210
1067,100000,sell,2020-08-12,88.0,,,,1.0,11.0,,1.0174348355998057,17:38:53.810970
1068,200000,sell,2020-08-12,94.0,,,,,6.0,,1.0169790129230833,17:38:54.981597
1069,500000,sell,2020-08-12,75.0,21.0,,,,3.0,1.0,1.01622966913994,17:38:55.863313
1070,1000000,sell,2020-08-12,67.0,27.0,,2.0,,2.0,2.0,1.015343508291835,17:38:57.165896
1071,1500000,sell,2020-08-12,64.0,30.0,,2.0,,1.0,3.0,1.0146088565030438,17:38:57.995630
1072,10000,buy,2020-08-12,,100.0,,,,,,1.0171042036553657,17:38:59.956003
1073,25000,buy,2020-08-12,,100.0,,,,,,1.017179167551875,17:39:01.228709
1074,50000,buy,2020-08-12,,100.0,,,,,,1.0173055772263606,17:39:03.256829
1075,100000,buy,2020-08-12,,100.0,,,,,,1.0175640540367235,17:39:04.130812
1076,200000,buy,2020-08-12,31.0,69.0,,,,,,1.0179424484581057,17:39:04.991978
1077,500000,buy,2020-08-12,51.0,48.0,,,,,1.0,1.0186487744179105,17:39:05.914997
1078,1000000,buy,2020-08-12,56.0,40.0,,,,,4.0,1.0197007976527388,17:39:07.161235
1079,1500000,buy,2020-08-12,60.0,38.0,,,,,2.0,1.0208573446901377,17:39:08.337404
1080,10000,sell,2020-08-12,,,100.0,,,,,1.0245028535670087,17:39:09.182368
1081,25000,sell,2020-08-12,,,72.0,,,28.0,,1.0199071276657328,17:39:10.059422
1082,50000,sell,2020-08-12,76.0,,,,2.0,22.0,,1.0179425946042875,17:39:10.757771
1083,100000,sell,2020-08-12,88.0,,,,1.0,11.0,,1.017454088392841,17:39:11.488752
1084,200000,sell,2020-08-12,94.0,,,,,6.0,,1.0169790129230833,17:39:13.049548
1085,500000,sell,2020-08-12,75.0,21.0,,,,3.0,1.0,1.01622966913994,17:39:14.531640
1086,1000000,sell,2020-08-12,67.0,27.0,,2.0,,2.0,2.0,1.015343508291835,17:39:15.861045
1087,1500000,sell,2020-08-12,64.0,30.0,,2.0,,1.0,3.0,1.0146088565030438,17:39:17.114624
1088,10000,buy,2020-08-12,,100.0,,,,,,1.0171087142923179,17:39:58.888679
1089,25000,buy,2020-08-12,,100.0,,,,,,1.0171836977598179,17:39:59.689353
1090,50000,buy,2020-08-12,,100.0,,,,,,1.0173101404237859,17:40:00.540742
1091,100000,buy,2020-08-12,,100.0,,,,,,1.0175686846396828,17:40:02.404781
1092,200000,buy,2020-08-12,27.0,73.0,,,,,,1.0179791896316943,17:40:03.985612
1093,500000,buy,2020-08-12,50.0,50.0,,,,,,1.0187121868891924,17:40:05.172649
1094,1000000,buy,2020-08-12,56.0,41.0,,,,,3.0,1.0197896726191575,17:40:06.159667
1095,1500000,buy,2020-08-12,59.0,39.0,,,,,2.0,1.0209469239118896,17:40:07.533575
1096,10000,sell,2020-08-12,,,99.0,,,1.0,,1.0216853941337656,17:40:08.618817
1097,25000,sell,2020-08-12,,,98.0,,,2.0,,1.0183436619817643,17:40:09.430719
1098,50000,sell,2020-08-12,99.0,,,,,1.0,,1.0173338472442022,17:40:10.269785
1099,100000,sell,2020-08-12,99.0,,,,,1.0,,1.0171646573130484,17:40:11.765406
1100,200000,sell,2020-08-12,99.0,,,,,1.0,,1.0168640651620722,17:40:12.449439
1101,500000,sell,2020-08-12,78.0,21.0,,,,1.0,,1.016197584552535,17:40:13.828871
1102,1000000,sell,2020-08-12,69.0,28.0,,2.0,,1.0,,1.0153262908816412,17:40:15.304699
1103,1500000,sell,2020-08-12,66.0,31.0,,2.0,,1.0,,1.0145675820508662,17:40:16.747285
1104,10000,buy,2020-08-12,,100.0,,,,,,1.0171087142923179,17:40:18.118433
1105,25000,buy,2020-08-12,,100.0,,,,,,1.0171836977598179,17:40:19.456903
1106,50000,buy,2020-08-12,,100.0,,,,,,1.0173101404237859,17:40:20.567702
1107,100000,buy,2020-08-12,,100.0,,,,,,1.0175686846396828,17:40:21.459825
1108,200000,buy,2020-08-12,27.0,73.0,,,,,,1.0179791896316943,17:40:22.847558
1109,500000,buy,2020-08-12,50.0,50.0,,,,,,1.0187121868891924,17:40:23.599029
1110,1000000,buy,2020-08-12,56.0,41.0,,,,,3.0,1.0197918456352961,17:40:24.903077
1111,1500000,buy,2020-08-12,59.0,39.0,,,,,2.0,1.020948375878053,17:40:25.534635
1112,10000,sell,2020-08-12,93.0,,,,1.0,6.0,,1.0175761137509614,17:40:26.868292
1113,25000,sell,2020-08-12,97.0,,,,1.0,2.0,,1.0174396827963752,17:40:28.151124
1114,50000,sell,2020-08-12,99.0,,,,,1.0,,1.0173338472442022,17:40:28.966940
1115,100000,sell,2020-08-12,99.0,,,,,1.0,,1.0171646573130484,17:40:29.722214
1116,200000,sell,2020-08-12,99.0,,,,,1.0,,1.0168640651620722,17:40:30.661290
1117,500000,sell,2020-08-12,78.0,21.0,,,,1.0,,1.016197584552535,17:40:31.392375
1118,1000000,sell,2020-08-12,69.0,28.0,,2.0,,1.0,,1.0153262908816412,17:40:32.748973
1119,1500000,sell,2020-08-12,66.0,31.0,,2.0,,1.0,,1.0145675820508662,17:40:34.042284
1120,10000,buy,2020-08-12,,100.0,,,,,,1.0171008840891054,17:41:18.074702
1121,25000,buy,2020-08-12,,100.0,,,,,,1.0171758335753964,17:41:19.496423
1122,50000,buy,2020-08-12,,100.0,,,,,,1.0173022189592764,17:41:20.783510
1123,100000,buy,2020-08-12,,100.0,,,,,,1.0175606461369164,17:41:21.615628
1124,200000,buy,2020-08-12,27.0,73.0,,,,,,1.0179731050175587,17:41:22.348481
1125,500000,buy,2020-08-12,50.0,50.0,,,,,,1.018707722991123,17:41:23.053995
1126,1000000,buy,2020-08-12,56.0,41.0,,,,,3.0,1.0197827088929976,17:41:24.051692
1127,1500000,buy,2020-08-12,59.0,39.0,,,,,2.0,1.0209409022698892,17:41:25.128502
1128,10000,sell,2020-08-12,94.0,,,,,6.0,,1.0175688738529665,17:41:26.376521
1129,25000,sell,2020-08-12,98.0,,,,,2.0,,1.0174369103753418,17:41:27.711631
1130,50000,sell,2020-08-12,99.0,,,,,1.0,,1.0173333651096543,17:41:29.076104
1131,100000,sell,2020-08-12,99.0,,,,,1.0,,1.0171641791592196,17:41:29.905403
1132,200000,sell,2020-08-12,100.0,,,,,,,1.0168633851688849,17:41:31.183827
1133,500000,sell,2020-08-12,79.0,21.0,,,,,,1.016197286493621,17:41:32.531000
1134,1000000,sell,2020-08-12,69.0,27.0,,1.0,,,3.0,1.0153473081280415,17:41:33.948588
1135,1500000,sell,2020-08-12,66.0,30.0,,2.0,,,2.0,1.014609799015327,17:41:34.558031
1136,10000,buy,2020-08-12,,100.0,,,,,,1.0171183196073834,17:41:35.956120
1137,25000,buy,2020-08-12,,100.0,,,,,,1.0171933459402223,17:41:37.623269
1138,50000,buy,2020-08-12,,100.0,,,,,,1.0173198608546594,17:41:39.008126
1139,100000,buy,2020-08-12,,100.0,,,,,,1.0175785526777956,17:41:39.774107
1140,200000,buy,2020-08-12,28.0,72.0,,,,,,1.0179863099965276,17:41:40.723568
1141,500000,buy,2020-08-12,50.0,50.0,,,,,,1.018717102882734,17:41:42.155985
1142,1000000,buy,2020-08-12,55.0,41.0,,,,,4.0,1.0197813729787841,17:41:42.984968
1143,1500000,buy,2020-08-12,60.0,38.0,,,,,2.0,1.0209486400634906,17:41:43.582590
1144,10000,sell,2020-08-12,94.0,,,,,6.0,,1.0175688738529665,17:41:44.774562
1145,25000,sell,2020-08-12,98.0,,,,,2.0,,1.0174369103753418,17:41:46.119225
1146,50000,sell,2020-08-12,99.0,,,,,1.0,,1.0173333651096543,17:41:47.461320
1147,100000,sell,2020-08-12,99.0,,,,,1.0,,1.0171641791592196,17:41:48.318030
1148,200000,sell,2020-08-12,100.0,,,,,,,1.0168633851688849,17:41:49.738168
1149,500000,sell,2020-08-12,78.0,21.0,,,,,1.0,1.016198086086497,17:41:50.404774
1150,1000000,sell,2020-08-12,69.0,27.0,,1.0,,,3.0,1.0153506617546935,17:41:51.742613
1151,1500000,sell,2020-08-12,66.0,30.0,,2.0,,,2.0,1.0146081750770524,17:41:52.715034
1152,10000,buy,2020-08-12,,100.0,,,,,,1.0171186639724163,17:42:35.336831
1153,25000,buy,2020-08-12,,100.0,,,,,,1.017193691797244,17:42:36.624749
1154,50000,buy,2020-08-12,,100.0,,,,,,1.0173202092265867,17:42:38.175893
1155,100000,buy,2020-08-12,,100.0,,,,,,1.0175789061881435,17:42:39.321918
1156,200000,buy,2020-08-12,28.0,72.0,,,,,,1.0179865679567677,17:42:40.696601
1157,500000,buy,2020-08-12,50.0,50.0,,,,,,1.018717287922129,17:42:41.955284
1158,1000000,buy,2020-08-12,55.0,41.0,,,,,4.0,1.019779866232822,17:42:42.766649
1159,1500000,buy,2020-08-12,60.0,38.0,,,,,2.0,1.0209476826088337,17:42:44.109209
1160,10000,sell,2020-08-12,94.0,,,,,6.0,,1.0175688738529665,17:42:44.874182
1161,25000,sell,2020-08-12,98.0,,,,,2.0,,1.0174369103753418,17:42:46.137114
1162,50000,sell,2020-08-12,99.0,,,,,1.0,,1.0173333651096543,17:42:47.430338
1163,100000,sell,2020-08-12,99.0,,,,,1.0,,1.0171641791592196,17:42:48.692172
1164,200000,sell,2020-08-12,100.0,,,,,,,1.0168633851688849,17:42:49.486649
1165,500000,sell,2020-08-12,78.0,21.0,,,,,1.0,1.0161989381629601,17:42:50.289040
1166,1000000,sell,2020-08-12,69.0,27.0,,1.0,,,3.0,1.0153431800939106,17:42:51.566142
1167,1500000,sell,2020-08-12,65.0,30.0,,2.0,,,3.0,1.014616186718576,17:42:52.366158
1168,10000,buy,2020-08-12,,100.0,,,,,,1.0171186639724163,17:42:53.511398
1169,25000,buy,2020-08-12,,100.0,,,,,,1.017193691797244,17:42:54.667171
1170,50000,buy,2020-08-12,,100.0,,,,,,1.0173202092265867,17:42:55.868496
1171,100000,buy,2020-08-12,,100.0,,,,,,1.0175789061881435,17:42:57.086944
1172,200000,buy,2020-08-12,28.0,72.0,,,,,,1.0179865679567677,17:42:58.099467
1173,500000,buy,2020-08-12,50.0,50.0,,,,,,1.018717287922129,17:42:59.607605
1174,1000000,buy,2020-08-12,55.0,41.0,,,,,4.0,1.019779866232822,17:43:00.384364
1175,1500000,buy,2020-08-12,60.0,38.0,,,,,2.0,1.0209476826088337,17:43:01.692439
1176,10000,sell,2020-08-12,94.0,,,,,6.0,,1.0175688738529665,17:43:03.052339
1177,25000,sell,2020-08-12,98.0,,,,,2.0,,1.0174369103753418,17:43:04.553225
1178,50000,sell,2020-08-12,99.0,,,,,1.0,,1.0173333651096543,17:43:05.446579
1179,100000,sell,2020-08-12,99.0,,,,,1.0,,1.0171641791592196,17:43:06.170804
1180,200000,sell,2020-08-12,100.0,,,,,,,1.0168633851688849,17:43:07.519371
1181,500000,sell,2020-08-12,78.0,21.0,,,,,1.0,1.0162016171799388,17:43:08.874368
1182,1000000,sell,2020-08-12,68.0,28.0,,1.0,,,3.0,1.0153464691527694,17:43:10.314244
1183,1500000,sell,2020-08-12,65.0,30.0,,2.0,,,3.0,1.0146196685814322,17:43:10.969034
1184,10000,buy,2020-08-12,,100.0,,,,,,1.017643956297621,17:43:53.641364
1185,25000,buy,2020-08-12,,100.0,,,,,,1.017722468198213,17:43:54.362134
1186,50000,buy,2020-08-12,,100.0,,,,,,1.0178548828729383,17:43:55.120891
1187,100000,buy,2020-08-12,16.0,84.0,,,,,,1.0181029026907533,17:43:56.400481
1188,200000,buy,2020-08-12,41.0,59.0,,,,,,1.0183959235762277,17:43:57.216219
1189,500000,buy,2020-08-12,55.0,44.0,,,,,1.0,1.0190588041416457,17:43:57.895001
1190,1000000,buy,2020-08-12,58.0,38.0,,,,,4.0,1.0201026140286655,17:43:59.271749
1191,1500000,buy,2020-08-12,61.0,36.0,,1.0,,,2.0,1.0212884153857942,17:44:00.097330
1192,10000,sell,2020-08-12,,,96.0,,,4.0,,1.018723328488784,17:44:00.872921
1193,25000,sell,2020-08-12,98.0,,,,,2.0,,1.0175633953603516,17:44:01.872982
1194,50000,sell,2020-08-12,99.0,,,,,1.0,,1.0174609230426246,17:44:03.227267
1195,100000,sell,2020-08-12,99.0,,,,,1.0,,1.0172913095415546,17:44:04.000479
1196,200000,sell,2020-08-12,88.0,11.0,,,,1.0,,1.0170165599360523,17:44:06.425083
1197,500000,sell,2020-08-12,73.0,26.0,,,,1.0,,1.0164173047374698,17:44:07.854175
1198,1000000,sell,2020-08-12,67.0,30.0,,,,1.0,2.0,1.015568078553462,17:44:08.579610
1199,1500000,sell,2020-08-12,63.0,31.0,,2.0,,1.0,3.0,1.014832075606688,17:44:10.075348
1200,10000,buy,2020-08-12,,100.0,,,,,,1.0176439557113879,17:44:12.084148
1201,25000,buy,2020-08-12,,100.0,,,,,,1.0177224676075818,17:44:12.899859
1202,50000,buy,2020-08-12,,100.0,,,,,,1.0178548822748552,17:44:14.453891
1203,100000,buy,2020-08-12,16.0,84.0,,,,,,1.0181029021795749,17:44:15.235699
1204,200000,buy,2020-08-12,41.0,59.0,,,,,,1.0183959235762277,17:44:16.610704
1205,500000,buy,2020-08-12,55.0,44.0,,,,,1.0,1.0190588041416457,17:44:17.585176
1206,1000000,buy,2020-08-12,58.0,38.0,,,,,4.0,1.0201026140286655,17:44:18.252308
1207,1500000,buy,2020-08-12,61.0,36.0,,1.0,,,2.0,1.0212884153857942,17:44:19.671385
1208,10000,sell,2020-08-12,,,95.0,,,5.0,,1.0177590168722073,17:44:20.936752
1209,25000,sell,2020-08-12,98.0,,,,,2.0,,1.0175633953603516,17:44:22.259923
1210,50000,sell,2020-08-12,99.0,,,,,1.0,,1.0174609230426246,17:44:23.548178
1211,100000,sell,2020-08-12,99.0,,,,,1.0,,1.0172913095415546,17:44:24.655048
1212,200000,sell,2020-08-12,88.0,11.0,,,,1.0,,1.017019486133233,17:44:26.072693
1213,500000,sell,2020-08-12,73.0,26.0,,,,1.0,,1.0164202279343364,17:44:26.855858
1214,1000000,sell,2020-08-12,67.0,30.0,,,,1.0,2.0,1.015570996790071,17:44:27.588079
1215,1500000,sell,2020-08-12,63.0,31.0,,2.0,,1.0,3.0,1.0148349889028383,17:44:28.330178
1216,10000,buy,2020-08-12,,100.0,,,,,,1.0176439550165928,17:45:12.035871
1217,25000,buy,2020-08-12,,100.0,,,,,,1.0177224669075742,17:45:13.555869
1218,50000,buy,2020-08-12,,100.0,,,,,,1.0178548815660156,17:45:14.378615
1219,100000,buy,2020-08-12,16.0,84.0,,,,,,1.0181029015737335,17:45:15.075065
1220,200000,buy,2020-08-12,41.0,59.0,,,,,,1.0183959231431337,17:45:15.931697
1221,500000,buy,2020-08-12,55.0,44.0,,,,,1.0,1.0190588038008872,17:45:16.723090
1222,1000000,buy,2020-08-12,58.0,38.0,,,,,4.0,1.0201026137074014,17:45:17.581561
1223,1500000,buy,2020-08-12,61.0,36.0,,1.0,,,2.0,1.0212884150518364,17:45:19.212610
1224,10000,sell,2020-08-12,,,95.0,,,5.0,,1.0177590168722073,17:45:20.752999
1225,25000,sell,2020-08-12,98.0,,,,,2.0,,1.0175633953603516,17:45:21.548414
1226,50000,sell,2020-08-12,99.0,,,,,1.0,,1.0174609230426246,17:45:22.742644
1227,100000,sell,2020-08-12,99.0,,,,,1.0,,1.0172913095415546,17:45:23.633728
1228,200000,sell,2020-08-12,88.0,11.0,,,,1.0,,1.017019946624081,17:45:25.000222
1229,500000,sell,2020-08-12,73.0,26.0,,,,1.0,,1.016422385400708,17:45:26.532584
1230,1000000,sell,2020-08-12,67.0,30.0,,,,1.0,2.0,1.0155731495272344,17:45:27.872861
1231,1500000,sell,2020-08-12,63.0,31.0,,2.0,,1.0,3.0,1.0148371369674136,17:45:28.528750
1232,10000,buy,2020-08-12,,100.0,,,,,,1.0176439541046747,17:45:29.279848
1233,25000,buy,2020-08-12,,100.0,,,,,,1.0177224659888149,17:45:30.048758
1234,50000,buy,2020-08-12,,100.0,,,,,,1.0178548806356644,17:45:31.432370
1235,100000,buy,2020-08-12,16.0,84.0,,,,,,1.0181029007785671,17:45:32.301681
1236,200000,buy,2020-08-12,41.0,59.0,,,,,,1.0183959225746984,17:45:33.753057
1237,500000,buy,2020-08-12,55.0,44.0,,,,,1.0,1.019058803353642,17:45:35.047619
1238,1000000,buy,2020-08-12,58.0,38.0,,,,,4.0,1.0201026132857425,17:45:36.360934
1239,1500000,buy,2020-08-12,61.0,36.0,,1.0,,,2.0,1.0212884146135173,17:45:37.284216
1240,10000,sell,2020-08-12,,,95.0,,,5.0,,1.017897842434788,17:45:38.266307
1241,25000,sell,2020-08-12,98.0,,,,,2.0,,1.0175633953603516,17:45:39.050830
1242,50000,sell,2020-08-12,99.0,,,,,1.0,,1.0174609230426246,17:45:40.311389
1243,100000,sell,2020-08-12,98.0,,,,,2.0,,1.0172937705913938,17:45:41.562679
1244,200000,sell,2020-08-12,88.0,11.0,,,,1.0,,1.017021646630067,17:45:42.797830
1245,500000,sell,2020-08-12,73.0,26.0,,,,1.0,,1.016422385400708,17:45:44.114113
1246,1000000,sell,2020-08-12,67.0,30.0,,,,1.0,2.0,1.0155731495272344,17:45:44.787440
1247,1500000,sell,2020-08-12,63.0,31.0,,2.0,,1.0,3.0,1.0148371369674136,17:45:45.451469
1248,10000,buy,2020-08-12,,100.0,,,,,,1.0176439535401538,17:46:29.939090
1249,25000,buy,2020-08-12,,100.0,,,,,,1.0177224654200587,17:46:31.207063
1250,50000,buy,2020-08-12,,100.0,,,,,,1.0178548800597325,17:46:32.540987
1251,100000,buy,2020-08-12,16.0,84.0,,,,,,1.0181029002863209,17:46:33.514866
1252,200000,buy,2020-08-12,41.0,59.0,,,,,,1.0183959222228094,17:46:34.178504
1253,500000,buy,2020-08-12,55.0,44.0,,,,,1.0,1.0190588030767758,17:46:34.966205
1254,1000000,buy,2020-08-12,61.0,39.0,,,,,,1.0201704574900023,17:46:35.858734
1255,1500000,buy,2020-08-12,61.0,36.0,,3.0,,,,1.0213770002654003,17:46:37.539389
1256,10000,sell,2020-08-12,95.0,,,,,5.0,,1.0176912503871973,17:46:39.067436
1257,25000,sell,2020-08-12,98.0,,,,,2.0,,1.0175633953603516,17:46:39.680914
1258,50000,sell,2020-08-12,99.0,,,,,1.0,,1.0174609230426246,17:46:41.197049
1259,100000,sell,2020-08-12,98.0,,,,,2.0,,1.0172937705913938,17:46:41.936865
1260,200000,sell,2020-08-12,88.0,11.0,,,,1.0,,1.0170216465690118,17:46:42.985675
1261,500000,sell,2020-08-12,73.0,26.0,,,,1.0,,1.0164223852639256,17:46:44.235279
1262,1000000,sell,2020-08-12,67.0,30.0,,,,1.0,2.0,1.0155731493816258,17:46:45.465330
1263,1500000,sell,2020-08-12,63.0,31.0,,2.0,,1.0,3.0,1.0148371368277034,17:46:46.787823
1264,10000,buy,2020-08-12,,100.0,,,,,,1.0176439535401538,17:46:48.141684
1265,25000,buy,2020-08-12,,100.0,,,,,,1.0177224654200587,17:46:48.940215
1266,50000,buy,2020-08-12,,100.0,,,,,,1.0178548800597325,17:46:49.599050
1267,100000,buy,2020-08-12,16.0,84.0,,,,,,1.0181029002863209,17:46:50.840859
1268,200000,buy,2020-08-12,41.0,59.0,,,,,,1.0183959222228094,17:46:52.207936
1269,500000,buy,2020-08-12,55.0,44.0,,,,,1.0,1.0190588005944516,17:46:52.983502
1270,1000000,buy,2020-08-12,58.0,38.0,,,,,4.0,1.0201026098126111,17:46:53.728859
1271,1500000,buy,2020-08-12,61.0,36.0,,1.0,,,2.0,1.0212884107152624,17:46:54.884317
1272,10000,sell,2020-08-12,95.0,,,,,5.0,,1.0176912463635996,17:46:55.991252
1273,25000,sell,2020-08-12,98.0,,,,,2.0,,1.0175633912235555,17:46:57.208065
1274,50000,sell,2020-08-12,99.0,,,,,1.0,,1.0174609188867707,17:46:58.481422
1275,100000,sell,2020-08-12,97.0,,,,,3.0,,1.0173157442135148,17:46:59.734850
1276,200000,sell,2020-08-12,87.0,11.0,,,,2.0,,1.0170368092715838,17:47:01.060758
1277,500000,sell,2020-08-12,73.0,26.0,,,,1.0,,1.016430702893406,17:47:01.914637
1278,1000000,sell,2020-08-12,67.0,30.0,,1.0,,1.0,1.0,1.0155792986611794,17:47:02.647781
1279,1500000,sell,2020-08-12,64.0,31.0,,2.0,,1.0,2.0,1.0148361673597188,17:47:03.989224
1280,10000,buy,2020-08-12,,98.0,,,2.0,,,1.0176232485994423,17:47:47.621916
1281,25000,buy,2020-08-12,,99.0,,,1.0,,,1.0177122971364763,17:47:48.914140
1282,50000,buy,2020-08-12,,99.0,,,1.0,,,1.0178630333416945,17:47:50.145983
1283,100000,buy,2020-08-12,17.0,83.0,,,,,,1.0181132494120335,17:47:50.920937
1284,200000,buy,2020-08-12,41.0,59.0,,,,,,1.0184033319999395,17:47:51.681797
1285,500000,buy,2020-08-12,55.0,44.0,,,,,1.0,1.0190645037428094,17:47:52.662548
1286,1000000,buy,2020-08-12,58.0,38.0,,,,,4.0,1.0201077929053117,17:47:53.598946
1287,1500000,buy,2020-08-12,61.0,36.0,,1.0,,,2.0,1.0212935908368836,17:47:54.882063
1288,10000,sell,2020-08-12,95.0,,,,,5.0,,1.0176912463635996,17:47:56.168011
1289,25000,sell,2020-08-12,98.0,,,,,2.0,,1.0175633912235555,17:47:57.330870
1290,50000,sell,2020-08-12,99.0,,,,,1.0,,1.0174609188867707,17:47:58.032684
